1877 3277
266 216 310 247 0.

212 215 285 311 fis,
301 274 413 305 tanto
426 265 579 315 fulgore
601 264 791 314 praeditus,
813 272 855 302 ut
867 265 1018 313 ubique
1031 262 1188 314 praesens
1201 264 1288 301 luce
1301 262 1373 301 suo
1396 261 1588 315 radiisque
1609 265 1679 305 effe
1688 267 1744 305 vi·
1768 262 1771 263 ⁷

211 325 360 367 demur,
376 321 638 360 nihilominus
657 331 806 364 tamen,
820 318 978 369 objecto
990 321 1112 358 Lunae
1133 332 1299 369 corpote
1310 319 1438 357 radios
1452 322 1501 358 ad
1517 334 1590 365 nos
1603 334 1664 371 per
1676 322 1746 359 ali-

211 390 313 428 quot
326 378 510 426 temporis
520 386 725 413 momenta
738 376 885 412 mittere
896 388 982 415 non
997 376 1136 424 potest:
1159 377 1210 413 ita
1223 387 1463 424 magnorum
1475 377 1648 414 virorum
1661 378 1746 422 ani-

212 437 283 478 mi,
299 437 337 472 &
351 433 485 474 studia,
501 430 837 477 fortunaeinjurijs,
853 433 890 469 ὃς
904 431 1203 474 calamitatibus,
1224 429 1273 468 sic
1285 431 1477 468 interdum
1501 426 1744 480 premuntur,

212 500 255 533 ut
268 491 329 529 vix
345 488 550 526 videantur
562 484 664 536 posse
675 498 880 535 emergere.
935 487 1117 524 Tandem
1137 496 1285 529 tamen,
1300 495 1341 523 ut
1365 486 1432 523 Sol
1447 488 1655 524 decedente
1665 488 1748 524 Lu-

212 557 279 589 na,
294 539 494 592 pristinam
507 540 649 578 faciem
663 551 871 589 recuperat,
885 540 1053 590 suosc'lue
1074 543 1202 579 radios
1215 541 1537 589 quoquoversum
1549 540 1741 591 diffundit:

209 601 264 638 ita
279 600 397 636 etiam
421 596 685 634 constantium
707 597 883 633 Heroum
908 598 1031 634 animi
1051 597 1100 634 ab
1119 597 1348 643 infortuniis
1366 626 1371 639 ,
1394 609 1439 634 ac
1460 598 1747 635 calamitatibus

209 655 376 697 liberati,
390 662 556 696 veterem
571 653 789 705 eitercendae
812 653 974 696 virtutis,
997 649 1312 702 magnarumc'lue
1335 653 1590 700 gerendarum
1620 664 1747 689 rerum

211 706 541 748 consuetudinem
568 717 796 757 recuperant
809 721 816 744 :
839 717 881 744 ut
895 705 978 745 vere
992 720 1075 745 non
1091 707 1301 756 oppressos,
1316 706 1377 744 sed
1391 707 1530 756 prcss'os
1543 707 1698 746 tantum
1713 707 1749 745 se

214 764 339 812 fuisse,
351 764 476 802 dicere
493 762 654 813 possint.
708 763 797 800 Hoc
810 763 1047 812 Symbolum
1058 764 1174 800 etiarn
1189 760 1346 811 pulchre
1358 764 1507 800 veritati
1520 774 1750 801 accommo-

211 819 297 869 dari
317 819 449 871 potest:
505 819 658 856 Veritas
670 820 775 854 enim
788 830 867 855 una
894 818 945 855 est
959 828 1000 855 ut
1012 819 1098 855 Sol:
1118 819 1288 867 duplicia
1300 820 1338 855 ὃ(
1349 819 1577 868 multiplicia
1594 817 1679 856 sunt
1690 828 1750 856 ve-

214 878 317 916 titati
342 875 552 928 contraria.
619 874 674 910 Vt
695 884 828 910 autem
853 874 921 910 Sol
942 885 1150 922 nunquam
1164 875 1336 923 opprimi
1350 874 1493 922 potest,
1511 873 1575 912 scd
1594 883 1751 914 tantum

217 930 225 933 '
254 930 257 931 ⁷
273 933 425 985 premi,
444 941 537 967 cum
549 929 725 967 videlicet
744 930 861 967 Luna
883 929 940 965 illi
954 931 1184 978 opponitur,
1208 941 1252 966 ac
1266 930 1425 977 impedit
1446 941 1496 967 ne
1513 929 1628 979 ipsius
1640 941 1698 968 ra·
1734 971 1739 974 ,

366 987 418 1037 dij
445 985 493 1025 ad
515 996 590 1023 nos
603 985 824 1034 pertingant
837 1012 847 1027 ‚
863 985 914 1021 ita
937 996 1009 1021 nec
1022 985 1186 1028 Veritas,
1209 996 1294 1033 quae
1306 983 1369 1020 etsi
1383 985 1604 1032 aliquando

473 1037 692 1097 prematur,
707 1042 746 1078 &
760 1040 919 1077 caeletur:
939 1049 1093 1088 ternpus
1115 1049 1248 1077 tamen
1262 1038 1384 1087 ipsam
1396 1050 1483 1079 tan-

585 1090 589 1097 ’
646 1095 737 1140 dem
747 1096 789 1136 in
800 1095 928 1134 lucem
943 1095 1104 1143 profert,
1118 1098 1227 1146 cujus
1240 1093 1322 1135 filia

647 1148 650 1151 “
851 1149 936 1205 ιείῖὲ
971 1150 1117 1191 dicitur.

961 1201 1012 1262 ἕ
