1877 3277
216 284 338 346 ‘64'
487 347 697 401 ALTA
773 346 1065 399 ALATIS
1140 345 1482 398 PATENT.

362 444 520 484 Iobates
532 444 624 481 cum
639 441 985 491 Bellerophontem
1000 442 1256 479 innocentem
1269 440 1480 478 interficere
1491 437 1571 489 Jufl‘
1565 452 1607 478 us
1619 439 1757 485 fumet,

215 502 256 542 id
270 501 395 539 facere
406 500 549 543 noluit,
564 496 625 536 sed
639 510 765 547 poenae
780 498 887 540 loco,
903 498 1118 546 periculum
1141 498 1347 549 imperavit
1371 496 1691 546 Bellerophonti,
1717 506 1760 533 ut

216 558 462 607 Chymeram
476 554 678 595 occideret.
735 554 823 591 Erat
845 562 977 590 autem
999 552 1198 602 chymera
1222 564 1306 600 quae
1321 551 1501 589 flammas
1524 552 1734 589 evomebat
1746 578 1758 595 ,

215 611 319 651 adeo
329 611 524 655 terribilis,
539 618 581 647 ut
601 621 693 647 cum
715 621 759 646 ea
774 609 988 658 pugnanti,
1014 609 1115 648 nihil
1137 608 1243 645 aliud
1267 608 1389 656 quam
1412 606 1570 657 ptaesens
1595 608 1762 645 exitium

214 665 352 718 praesto
366 665 436 704 esse
446 666 648 706 videretur.
706 665 891 702 Proxima
905 665 1010 701 enim
1032 661 1196 712 quaet'lue
1206 663 1476 707 comburebat,
1489 664 1578 712 igne
1587 662 1759 700 devasta-

215 725 297 768 bat,
313 720 534 773 pecorac'lue
546 720 811 759 interficiebat.
882 719 1033 757 Verum
1049 720 1113 764 Di,
1130 720 1286 768 cognita
1302 718 1618 768 Bellerophontis
1638 720 1759 755 inno-

215 780 360 829 centia,
373 781 454 825 ejus
468 776 610 815 miserti
627 775 812 825 Pegasum
826 774 975 812 alatum
988 787 1149 824 equum,
1168 784 1308 812 natum
1321 774 1340 810 ὲ
1353 776 1601 823 Neptuno‚&
1622 774 1713 811 Med
1721 786 1761 812 u-

215 834 334 878 sa,ve1
346 843 388 872 ut
402 833 464 879 alij
480 833 717 876 maluerunt,
729 829 749 868 ὲ
761 830 945 881 sangvine
957 830 1137 873 Medusae,
1151 830 1248 867 dum
1269 831 1350 867 eius
1364 839 1481 878 caput
1499 829 1521 867 ὲ
1541 829 1677 867 Perseo
1698 841 1759 867 ce-

215 888 681 933 deretur‚‚illidederuut.
739 884 835 937 Qo
856 886 988 924 vectus
1013 885 1303 933 Bellerophon,
1327 885 1573 935 Chymeram
1594 885 1761 929 occidit,

215 958 263 985 ac
277 946 503 983 innocentia
516 946 598 991 ejus
611 943 783 992 cognita,
806 940 828 978 a
850 943 988 980 Iobate
1001 943 1106 990 regni
1122 939 1306 979 succeffor
1328 941 1523 979 institutus
1539 941 1627 981 fuit.
1684 940 1760 978 Sed

214 1001 485 1050 Bellerophon
497 1000 632 1048 (quale
646 999 697 1036 est
714 998 917 1048 ingenium
932 997 1120 1046 plerisc‘lue
1135 997 1377 1044 mortalium)
1388 1007 1496 1035 tanta
1510 1009 1639 1034 rerum
1652 995 1762 1034 foeli-

214 1059 331 1096 citate
345 1058 516 1095 nimium
527 1056 664 1097 elatus,
676 1055 718 1091 in
733 1054 881 1090 coelum
894 1065 1003 1100 quoq
1011 1065 1057 1090 ue
1069 1052 1269 1090 ascendere
1284 1052 1448 1089 insidens
1463 1052 1606 1102 Pegaso
1617 1052 1757 1090 voluit.

215 1113 370 1160 Verum
382 1122 531 1150 tantam
546 1110 808 1159 arrogantiam
824 1110 995 1157 luppiter
1015 1108 1310 1157 deprimendam
1325 1107 1395 1144 ess‘e
1404 1118 1528 1146 ratus:
1550 1108 1699 1146 aestrum
1714 1108 1761 1145 il-

217 1169 245 1207 l1
259 1181 366 1218 equo
379 1165 548 1210 immisit,
562 1176 605 1203 ut
625 1163 894 1213 Bellerophon
907 1166 943 1200 in
958 1175 1098 1201 terram
1113 1175 1275 1212 praeceps
1287 1164 1574 1207 deturbaretur,
1589 1176 1632 1201 ac
1647 1165 1760 1213 cha-

213 1225 277 1263 sus
290 1236 395 1263 nunc
409 1222 596 1265 sublimis,
612 1232 719 1258 nunc
741 1218 931 1269 depressus
947 1232 1012 1268 per
1033 1221 1121 1257 ae'ra
1135 1219 1275 1258 volans
1291 1247 1301 1264 ,
1316 1220 1356 1256 in
1368 1220 1516 1257 coelum
1529 1221 1690 1257 tandem
1704 1231 1760 1256 re·

214 1281 324 1319 diret.
383 1281 516 1330 Qdem
529 1276 621 1315 cum
634 1274 776 1314 vidiffet
789 1276 963 1318 Aurora,
977 1276 1195 1324 impetravit
1208 1274 1227 1311 a
1245 1276 1341 1312 love
1356 1285 1397 1312 ut
1411 1276 1459 1313 ab
1472 1287 1522 1313 eo
1536 1275 1760 1323 vesta‚qu0·

214 1337 411 1374 tidianum
431 1331 583 1371 cursum
607 1331 827 1369 conficeret.
854 1331 919 1368 Ad
938 1330 1163 1369 fabulosam
1186 1330 1289 1367 hanc
1303 1333 1508 1380 poetarum
1534 1331 1746 1373 historiam,

214 1404 303 1438 quae
316 1391 365 1428 ab
377 1389 549 1428 Hesiodo
561 1387 784 1425 describitur
806 1386 950 1435 spectat
980 1386 1102 1436 Mysta
1118 1415 1127 1430 ,
1142 1387 1238 1423 dum
1261 1388 1443 1424 animum
1468 1386 1580 1424 suum
1604 1387 1694 1431 alta,
1720 1388 1759 1423 δε

214 1447 399 1486 sublimia
415 1455 539 1495 petere
551 1442 895 1493 Pegafi,exemplo‚
911 1444 949 1480 ὅ(
963 1441 1087 1491 figura
1101 1442 1298 1479 ostendere
1311 1443 1448 1479 voluit.
1462 1442 1635 1480 Animus
1652 1443 1762 1479 enim

214 1503 398 1542 hominis
409 1498 495 1539 vete
507 1501 632 1538 alatus
645 1498 709 1542 est,
724 1498 815 1536 cum
840 1499 965 1548 coelos
986 1510 1126 1535 omnes
1150 1500 1187 1535 ὅ(
1202 1499 1390 1547 quicquid
1410 1500 1450 1537 in
1474 1507 1561 1535 toto
1574 1495 1760 1535 universo

216 1559 283 1603 est,
293 1557 543 1608 penetrare,&
558 1554 732 1603 superare
744 1563 953 1591 momento
969 1553 1107 1603 possit:
1121 1555 1225 1590 Huic
1237 1553 1333 1590 nihil
1351 1554 1566 1597 occultum,
1580 1554 1761 1591 abditum

213 1617 255 1653 &
279 1612 481 1652 occlusum
502 1611 554 1649 est
568 1639 577 1655 ,
593 1609 652 1663 sed
667 1611 802 1647 omnia
819 1619 969 1658 patent:
992 1610 1117 1656 Hujus
1133 1608 1329 1647 beneficio
1340 1622 1424 1646 non
1441 1608 1567 1648 solum
1582 1609 1757 1658 plancta-

214 1682 305 1708 rum
320 1671 357 1706 &
373 1668 478 1706 orbis
491 1677 638 1710 motus,
655 1666 889 1715 magnitudo
902 1667 939 1703 ὃ(
950 1665 1454 1714 distantia,investigatur,&
1467 1663 1760 1715 percipiturSed

215 1727 336 1764 etiam
349 1736 434 1772 quae
448 1722 556 1771 supra
569 1721 864 1761 firmamentum
881 1720 980 1764 sunt,
995 1733 1038 1757 ac
1049 1730 1232 1757 veternam
1246 1722 1284 1758 ὅ(
1299 1720 1559 1763 beatam,testc
1573 1721 1760 1758 Aristote-

215 1782 416 1830 le,degunt
429 1780 562 1820 vitam,
577 1778 861 1827 intelliguntur,
877 1779 915 1814 ὃ(
929 1775 1235 1825 cognoscuntur.
1292 1775 1418 1814 Recte
1435 1775 1569 1826 itaciue
1593 1776 1760 1827 Symbo·

215 1837 366 1876 lumart
392 1833 574 1873 ALTA
604 1832 862 1870 ALATls
898 1832 1180 1871 PATENT.

444 1923 622 1988 NEC
682 1920 952 1976 CITRA,
1003 1920 1171 1970 NEC
1230 1918 1520 1970 ULTRA.

368 2017 496 2054 Metas
512 2014 625 2052 multi
637 2016 790 2062 antiqui
806 2014 992 2053 authores
1003 2014 1238 2057 existimant,
1254 2015 1463 2064 pyramidis
1477 2014 1608 2052 forma
1625 2012 1735 2051 fuisse
1746 2041 1758 2059 ‚

213 2071 417 2124 planaciuc
432 2068 641 2121 superficie:
656 2069 790 2108 verum
801 2080 939 2114 errant,
954 2068 1065 2118 quod
1086 2071 1251 2107 turbinis
1265 2070 1381 2107 instat
1393 2070 1551 2113 fuerint,
1569 2071 1696 2108 Plinio
1708 2080 1760 2106 te·

214 2130 265 2169 ste
277 2129 341 2166 lib.
354 2142 386 2166 2.
404 2138 480 2166 nat.
492 2126 635 2164 Histot.
651 2137 732 2175 cap.
748 2140 787 2166 x.
803 2127 868 2166 ubi
883 2125 1006 2163 scribit
1020 2126 1180 2163 noctem
1200 2125 1298 2164 nihil
1322 2126 1427 2163 aliud
1441 2125 1511 2163 effe
1524 2125 1644 2173 quam
1658 2137 1760 2163 tcrrae

215 2185 412 2227 umbram,
427 2183 591 2233 figuram
603 2191 734 2231 autem
746 2182 892 2219 umbrae
908 2181 1070 2218 similem
1094 2191 1215 2225 metae‚
1231 2193 1276 2218 ae
1288 2182 1432 2218 turbini
1446 2180 1598 2219 inverso
1611 2209 1621 2224 ,
1647 2183 1759 2218 cuius

215 2240 339 2289 figura
354 2240 501 2288 semper
514 2239 553 2274 in
570 2249 801 2275 mucronem
814 2237 972 2275 desinat.
1010 2237 1151 2274 Turbo
1164 2246 1297 2274 autem
1310 2236 1375 2274 seu
1387 2237 1553 2275 trochus
1563 2237 1758 2274 rotundus

214 2295 281 2340 cst,
293 2299 329 2334 &
345 2296 472 2345 pueris
487 2302 629 2341 notum
640 2293 939 2331 instrumentum
953 2293 1138 2342 ,Virgilio
1152 2292 1260 2329 teste:

434 2349 478 2400 C
476 2365 527 2396 eu
538 2351 747 2415 quondam
760 2360 858 2397 torto
869 2348 1053 2397 volitans
1057 2346 1141 2412 sttb
1150 2345 1328 2395 verbere
1348 2343 1463 2395 turbo

425 2417 583 2485 Qem
588 2422 711 2482 pueri
725 2436 875 2482 magno
887 2421 1033 2484 ingyro
1047 2435 1189 2467 vacua
1198 2419 1310 2466 atria
1325 2434 1483 2466 careum

432 2491 590 2539 Intenti
613 2488 708 2538 ludo
733 2501 932 2539 exercent.

369 2560 483 2597 Metae
496 2570 568 2597 tres
582 2562 775 2608 quadrato
791 2561 970 2609 lapidi,ac
984 2559 1241 2596 mucronibus
1256 2560 1512 2601 illotum,ova
1528 2557 1683 2606 imponi
1697 2555 1758 2593 so-

213 2616 359 2658 lebant,
373 2628 457 2663 quae
471 2615 642 2653 Castoris
657 2619 694 2654 &
708 2617 876 2654 Pollucis
889 2628 965 2653 ova
986 2614 1320 2664 repraesentabant,
1375 2615 1435 2653 Ita
1453 2614 1700 2662 aptabantur,
1716 2621 1758 2648 ut

213 2672 353 2709 auferri
371 2671 582 2709 secundum
597 2674 841 2715 certantium,
863 2684 905 2708 ac
919 2674 1158 2708 currentium
1174 2672 1273 2720 leges
1297 2663 1459 2719 possent.
1515 2667 1758 2714 Huiusmodi

212 2737 339 2764 metas
351 2727 447 2763 duas
462 2728 749 2777 Hieroglypton
766 2728 906 2766 habers
929 2737 1002 2763 tres
1023 2728 1130 2763 enlm
1155 2727 1330 2763 turbines
1352 2727 1419 2773 qui
1444 2725 1562 2773 lapidi
1586 2722 1758 2771 impositi

212 2782 315 2823 sunt,
333 2794 402 2830 pro
415 2794 492 2819 una
506 2792 609 2821 meta
621 2784 861 2831 accipiuntur
883 2783 930 2819 ab
956 2782 1200 2824 authoribus,
1216 2784 1285 2818 uni
1303 2781 1505 2829 ascriptum
1522 2779 1594 2815 est:
1619 2780 1654 2815 N
1674 2778 1700 2814 E
1721 2776 1756 2813 C

213 2837 249 2873 C
271 2838 330 2874 [T
347 2836 439 2873 RA.
455 2837 580 2874 alteri:
605 2839 640 2874 N
658 2840 685 2875 E
704 2838 738 2873 C
766 2839 801 2873 V
818 2839 896 2883 LT
911 2839 947 2874 R
965 2837 1015 2873 A.
1074 2838 1230 2886 Quibus
1253 2838 1426 2873 indicare
1442 2835 1519 2886 haec
1541 2832 1755 2881 Principiffa

213 2893 495 2930 voluittcuivis
519 2903 708 2930 matronae
722 2894 958 2942 nihilmagis
973 2894 1010 2929 in
1024 2892 1138 2928 rebus
1162 2893 1351 2929 omnibus
1376 2891 1611 2930 convenire,
1636 2887 1757 2936 quam

212 2947 528 2985 mediocritatem
545 2960 554 2983 ε
575 2949 665 2985 Haec
676 2950 784 2985 enim
800 2950 946 2986 virtutis
959 2957 1060 2984 meta
1072 2948 1144 2986 ests
1170 2947 1273 2985 hanc
1292 2946 1319 2984 fi
1346 2944 1540 2983 excess'cris
1554 2946 1595 2982 in
1617 2945 1757 2981 vitium

1656 3010 1754 3043 rues,
