1877 3277
236 243 311 302 ᾗ
553 301 773 375 Qus
848 297 1206 354 DtcERE
1282 303 1469 355 LAu-

943 397 1103 433 DEs.

378 475 482 526 Quis
508 474 633 511 dicere
656 472 813 516 laudes,
837 472 964 520 inquit
987 472 1248 523 Symbolum,
1277 469 1435 522 supple,
1459 473 1674 524 Margaritae
1698 487 1772 526 po.

230 532 318 573 test?
375 530 593 580 Margaritae
612 538 744 566 autem
773 528 941 565 uniones
965 538 1177 572 vocantur,
1191 540 1237 565 ex
1259 529 1401 577 quibus
1421 529 1571 567 constat
1591 541 1743 569 corona
1758 559 1770 575 ,

231 586 388 627 Alludit
411 586 458 624 ad
482 596 633 623 nomen
667 585 799 620 uxoris
820 584 997 632 Princeps
1032 583 1235 621 Emannel.
1302 584 1375 620 Sed
1397 585 1499 621 unde
1523 585 1672 622 laudari
1699 598 1771 635 po-

230 643 300 681 test
321 640 592 691 Margaretha?
628 639 666 676 A
681 638 770 681 fide,
792 637 866 686 spe,
890 639 1101 682 charitate,
1123 641 1262 688 pietate
1277 666 1287 681 ‚
1313 641 1350 676 &
1377 640 1576 689 religione:
1631 641 1771 678 Haece-

230 700 316 736 nim
336 708 428 735 crux
452 696 519 733 illa
541 694 702 732 indicat.
759 691 943 731 Deinde&
969 695 1191 738 mundicie,
1228 693 1484 741 simplicitate,
1513 694 1771 744 pulchritudi-

231 765 282 792 ne
312 754 481 798 eximia‚
505 761 591 800 quae
620 749 670 787 ab
698 748 928 792 unionibus,
949 759 1017 786 aut
1051 750 1264 798 margaritis
1295 750 1532 790 indicamur.
1601 750 1640 787 A
1665 752 1770 801 regia

227 808 438 857 majestate,
461 816 584 855 quam
606 817 755 842 corona
776 804 954 849 ostendit,
1008 807 1047 843 ὃς
1071 804 1121 841 ab
1142 804 1355 853 elegantia,
1378 801 1619 853 morumdue
1641 808 1768 843 comi-

228 873 305 901 tate
329 855 374 900 ae
395 860 719 904 mansuetudine,
746 872 821 907 qua
844 860 924 897 haee
946 859 1100 898 Dueiss'a
1123 869 1260 896 ornata
1286 858 1372 896 fuit.
1438 860 1528 912 Q
1549 860 1599 897 lS
1634 861 1768 909 itaque

226 918 426 957 D1CER
441 917 467 954 E
513 917 547 954 L
566 915 603 953 A
619 916 655 953 V
668 915 705 951 D
719 916 746 951 E
762 915 785 951 S
822 927 916 952 meae
937 915 1194 965 Margarethae
1207 914 1349 964 potest:
1380 916 1434 951 ait
1448 916 1626 953 Maritus.
1689 916 1767 954 ve·

223 974 311 1012 rum
335 974 375 1010 &
401 971 481 1010 hoc
508 971 635 1010 modo
657 970 822 1019 intelligi
837 971 1115 1020 Hierographia
1132 970 1279 1019 potest?
1315 970 1399 1020 Q
1415 971 1430 1007 1
1447 970 1469 1007 S
1514 970 1671 1008 DICE
1689 971 1767 1009 RE

226 1031 261 1068 L
278 1027 455 1067 AVDE
469 1026 494 1064 S
529 1025 782 1076 Margarethae
792 1025 940 1074 potest?
967 1038 1053 1077 qua:
1065 1024 1215 1063 sincero
1238 1022 1419 1074 puroc'lue
1439 1034 1577 1063 amore
1593 1024 1705 1064 suum
1727 1039 1764 1064 a·

224 1094 308 1122 mat
330 1079 504 1131 colitc'que
526 1082 736 1124 Maritum,
759 1093 805 1117 ac
818 1080 964 1129 semper
985 1083 1093 1119 cordi
1108 1081 1299 1118 inclusum
1320 1079 1521 1118 conservat
1540 1092 1552 1120 3
1584 1082 1668 1118 Aut
1689 1080 1764 1118 fin·

224 1142 378 1177 ceritate
410 1133 653 1186 puritateq'ue
681 1136 807 1173 cordis
832 1136 987 1184 (quam
1015 1139 1184 1174 uniones
1214 1135 1439 1185 designant)
1456 1147 1608 1173 crucem
1623 1136 1767 1174 Domi·

224 1197 267 1233 ni
298 1192 504 1232 Salvatoris
535 1189 695 1240 ejusc'lue
718 1202 869 1228 nomen
897 1193 935 1230 &
960 1194 1195 1229 memoriam
1210 1193 1248 1228 in
1269 1191 1424 1239 pectore
1446 1191 1558 1240 gerit:
1577 1189 1767 1229 Hebraice

223 1251 331 1287 enim
356 1249 382 1285 E
401 1249 433 1285 L
460 1247 592 1283 Deum
614 1245 812 1295 fignificat.
874 1246 1127 1284 Consecravit
1141 1249 1270 1296 itaque
1292 1258 1406 1283 uxori
1427 1245 1532 1284 hanc
1554 1247 1764 1296 Hierogra-

222 1305 374 1356 pluam,
396 1300 553 1352 eiusque
567 1303 744 1341 virtutem
761 1301 964 1351 propalare
986 1302 1125 1341 voluit.

592 1414 778 1465 NEC
855 1413 1391 1464 DEGENERO.

371 1521 427 1560 Vt
455 1519 610 1558 arbores
643 1518 823 1568 quaedam
849 1518 1054 1558 fruetiferae
1092 1520 1191 1557 inter
1228 1519 1327 1557 alios
1362 1519 1532 1562 fruetus,
1568 1517 1762 1556 interdum

218 1576 431 1626 insipidos,
455 1587 648 1619 exuecos,
673 1573 831 1624 esuiq'ue
858 1576 1013 1613 inutiles
1046 1575 1184 1612 ferunt:
1207 1576 1259 1611 ita
1294 1577 1412 1612 etiam
1447 1584 1621 1624 parentes
1656 1576 1761 1623 opti-

216 1635 274 1671 mi
293 1629 650 1681 :imprudentissimi
670 1630 836 1679 ineptos,
850 1630 1067 1680 pravostiue
1086 1629 1204 1673 filios,
1217 1631 1462 1680 genitoribus
1482 1629 1632 1679 prorsus
1652 1628 1760 1666 dissi-

217 1688 341 1726 miles.
364 1686 529 1725 Proinde
540 1685 613 1723 hac
626 1686 908 1735 Hierographia
923 1686 1091 1724 Carolus
1104 1686 1181 1723 dux
1206 1686 1453 1724 ostenditsseit
1467 1686 1689 1734 parentibus
1701 1696 1757 1722 re-

212 1755 301 1781 rum
313 1741 502 1793 gestarum
532 1741 656 1791 gloria
678 1741 786 1779 claris
800 1752 1036 1791 prognatum
1049 1742 1097 1779 ab
1116 1743 1160 1787 ijs
1181 1753 1263 1778 non
1276 1742 1505 1790 degenerare
1517 1767 1527 1783 ‚
1543 1739 1602 1776 sed
1618 1741 1757 1777 :inimo

214 1800 394 1836 moribus
408 1825 418 1840 ‚
443 1808 488 1834 ac
510 1798 647 1835 virtute
669 1796 745 1833 illis
764 1806 847 1834 tam
868 1796 1046 1841 similem,
1062 1795 1182 1847 quam
1205 1798 1355 1834 avicula
1371 1809 1452 1833 ovo
1475 1794 1626 1832 exclusa
1640 1822 1650 1839 ,
1668 1806 1757 1843 pro-

213 1855 385 1903 genitori
415 1851 505 1890 su03
538 1852 656 1889 Hunc
680 1852 886 1900 principes,
901 1854 969 1901 qui
1000 1862 1174 1901 parentes
1210 1854 1398 1889 omnibus
1416 1851 1614 1888 virtutibus
1638 1862 1759 1887 orna-

212 1919 276 1946 tos
301 1908 532 1950 habuerunt,
557 1907 701 1942 imitari
720 1907 885 1951 debent,
913 1920 959 1945 ac
982 1918 1183 1956 parentum
1208 1907 1360 1956 vestigia
1386 1906 1504 1954 sequi,
1520 1918 1570 1942 ne
1591 1906 1754 1956 degene‘

211 1974 300 2002 rent
315 1991 327 2008 ,
343 1963 546 2012 acindigni
560 1962 782 2010 parentibus
795 1961 895 2015 suis,
929 1965 978 2000 ab
993 1963 1124 2000 alieno
1142 1961 1284 1999 exclusi
1298 1975 1381 2000 ovo
1397 1963 1608 2001 videantur.

496 2073 869 2124 PRAEMIO
947 2073 1065 2123 ET
1140 2074 1449 2125 POENA.

367 2178 619 2228 Conspicitur
640 2179 703 2216 hle
739 2179 877 2229 palmae
910 2180 948 2216 &
983 2180 1078 2218 oleae
1107 2192 1238 2217 ramus
1273 2181 1484 2217 diademati
1515 2178 1752 2218 transversim

212 2235 417 2279 immissus,
434 2245 593 2283 uterque
615 2235 780 2272 victoriae
791 2234 941 2284 signum
955 2236 1017 2273 est.
1090 2236 1150 2272 De
1165 2236 1293 2284 palma
1310 2247 1393 2272 non
1408 2235 1616 2279 dubitatur,
1631 2234 1691 2273 sed
1705 2237 1754 2273 cle

210 2291 314 2334 olea,
338 2303 416 2338 qua
440 2300 572 2327 tamen
596 2291 725 2327 Plinio
749 2290 839 2327 teste
862 2289 1118 2327 Athenienses
1145 2291 1309 2328 victores
1332 2290 1638 2327 coronabantur.
1694 2290 1749 2327 Α·

210 2346 284 2384 lius
312 2347 415 2393 pacis
443 2345 596 2394 signum
622 2345 687 2384 est.
753 2345 900 2382 Verum
925 2347 973 2384 :td
1005 2346 1186 2396 Symboli
1208 2347 1511 2395 explicationem
1534 2356 1672 2394 parum
1695 2356 1748 2382 re·

208 2402 294 2440 fert,
309 2412 407 2437 num
422 2412 509 2449 pax,
520 2410 586 2437 aut
601 2400 759 2437 victoria
773 2400 1019 2450 significetur.
1075 2402 1181 2439 Nam
1195 2401 1372 2438 diadema
1385 2400 1679 2450 regium,(quod
1691 2412 1748 2437 re-

208 2468 334 2507 gnum
347 2455 702 2503 velrempublicam
713 2455 993 2505 designat‚)sivc
1003 2454 1040 2492 id
1054 2455 1214 2493 vidtoria
1231 2468 1384 2505 partum
1402 2455 1464 2500 fit,
1484 2456 1558 2493 five
1573 2457 1652 2493 alio
1665 2457 1748 2502 jure

207 2512 377 2560 Priiicipi
419 2511 636 2548 advenerit:
674 2520 715 2547 ut
745 2510 989 2549 conservetur
1019 2513 1058 2550 ὅ(
1083 2511 1218 2549 floreat
1241 2539 1252 2556 ,
1289 2514 1449 2560 ptaemio
1480 2513 1518 2549 &
1554 2523 1671 2560 poena
1704 2523 1746 2548 o-

206 2577 279 2616 pus
302 2565 440 2603 habet:
498 2566 655 2602 Praemia
671 2566 777 2602 enim
800 2567 987 2610 invitant,
1003 2564 1247 2616 incitantc'lue
1268 2567 1476 2604 hominem
1491 2566 1539 2604 ad
1553 2568 1745 2610 virtutem,

206 2633 335 2670 poenae
347 2621 533 2671 deterrent
554 2619 575 2657 ὲ
601 2622 711 2666 vitijs.
766 2621 804 2657 Si
829 2623 949 2664 enim,
967 2622 1056 2661 teste
1078 2620 1292 2667 Cicerone,
1316 2623 1357 2659 in
1380 2621 1576 2671 republica
1600 2632 1672 2658 nec
1691 2633 1746 2658 re-

206 2675 265 2714 ct&
287 2676 398 2714 fastis
422 2677 573 2724 praemia
592 2685 725 2712 extent
753 2675 854 2718 ulla,
882 2687 952 2713 uec
975 2674 1158 2726 supplicia
1191 2679 1374 2726 peccatis:
1407 2688 1537 2725 neque
1570 2677 1741 2720 domus,

205 2743 334 2779 neque
362 2730 575 2779 respublica
606 2730 700 2767 stare
732 2731 867 2779 potest.
951 2733 1060 2769 Nam
1093 2732 1190 2769 boni
1212 2732 1443 2783 &rempub
1481 2733 1678 2778 iuvantes,
1716 2730 1742 2768 st

204 2787 297 2824 defit
323 2788 521 2835 praemium
537 2813 547 2828 ‚
583 2797 671 2822 eam
699 2787 921 2836 negligunt,
945 2799 990 2824 ac
1013 2789 1133 2835 perire
1154 2787 1298 2825 sinunt.
1436 2787 1537 2824 Mali
1560 2786 1586 2825 fi
1618 2788 1756 2835 impu->

204 2853 256 2879 ne
279 2839 415 2879 scelera
438 2842 632 2879 committi
654 2839 758 2890 posse
783 2843 1291 2886 animadvertunt‚tandem
1316 2855 1373 2887 ea,
1387 2843 1531 2891 quibus
1558 2841 1659 2880 salus
1672 2843 1742 2877 tei-

1645 2897 1738 2947 pub:
