1877 3277
211 214 321 323 ἔξω,
335 280 371 317 &
387 277 636 325 illustrissima
660 276 762 318 Solis
774 273 895 319 'instz'ir
906 275 962 321 fit,
975 276 1132 324 quaevis,
1146 274 1167 313 ὲ
1187 273 1331 324 quibus
1354 275 1592 321 labefactari,
1613 289 1658 319 ac
1675 288 1748 326 op-

210 337 328 388 primi
348 335 480 386 posset,
495 334 611 371 facile
633 333 787 380 delebit,
810 345 855 371 ac
875 334 918 370 in
938 332 1125 377 nihilum,
1140 342 1181 370 ut
1198 332 1267 370 Sol
1288 334 1427 378 nubes,
1441 333 1596 383 rediget.

485 444 959 515 HESPERVUKS
1034 443 1277 497 uNus
1353 444 1482 495 Lu-

826 539 1112 574 CESSET.

361 614 485 652 Navis
507 613 627 656 mari,
650 613 774 650 ventis
793 623 840 651 ¹ac
862 612 1028 653 tenebris
1058 612 1300 659 concredita,
1320 614 1506 653 ¹animum
1530 622 1597 651 aut
1624 625 1747 663 nego-

208 672 262 707 tia
286 669 408 708 Ducis
435 668 614 718 periculis
636 679 721 705 non
747 668 897 705 levibus
921 666 1094 716 exposita
1114 669 1271 705 indicat.
1349 669 1595 707 Consolatur
1615 679 1750 706 tamen

211 724 249 763 se
265 726 355 763 Dux
380 736 508 773 neque
530 723 715 772 desperat,
730 724 827 770 quin
852 723 900 761 ad
924 723 1097 761 foelicem
1112 734 1267 772 portum
1294 724 1336 763 fit
1349 726 1563 763 adventura
1587 724 1679 762 cum
1699 726 1752 761 ait

209 781 295 819 HE
319 781 342 819 S
371 782 396 819 P
421 782 449 818 E
472 779 603 817 RVS
661 779 840 817 VNVS
898 779 982 817 LV
1006 778 1040 815 C
1062 780 1091 816 E
1115 779 1138 816 S
1163 780 1186 817 S
1209 780 1302 816 ET.
1337 780 1460 817 idest:
1487 780 1589 817 stella
1613 781 1749 827 aliqua

209 840 349 884 major.
405 837 497 883 Ejus
517 836 622 872 enim
644 835 795 871 lumine
817 834 906 870 licet
928 836 1073 884 exiguo
1097 845 1276 883 optatum
1304 846 1461 885 portum
1487 837 1597 874 navis
1619 835 1750 873 conse-

208 904 363 941 quetur.
437 891 719 928 Admonemus
739 891 870 937 itaque
889 889 964 927 hac
986 890 1270 940 Hierographia
1287 919 1297 933 ‚
1324 903 1373 928 ne
1394 892 1432 928 in
1459 892 1634 940 periculis
1654 903 1751 928 con-

208 949 324 987 stituti
347 946 589 998 desperemus
605 973 614 989 ‚
637 945 695 981 sed
721 946 760 982 in
784 946 875 981 Deo
900 945 1105 995 speremus.
1171 944 1294 983 Facile
1321 948 1428 985 enim
1451 947 1476 983 si
1500 947 1559 984 vel
1583 948 1750 983 minima

208 1005 331 1041 divini
356 1003 489 1049 auxilij
512 1002 577 1038 lux
601 999 797 1041 affulserit,
824 1001 1042 1040 liberamur.
1118 1002 1322 1052 Qamdiu
1347 1003 1510 1041 meliora
1536 1001 1748 1051 speramus,

207 1060 360 1097 tamdiu
383 1057 504 1096 levius
519 1057 681 1093 ferimus
706 1056 890 1104 pericula.
958 1057 1051 1106 Spes
1074 1058 1181 1094 enim
1205 1056 1396 1107 sperantes
1422 1059 1509 1103 alit,
1526 1069 1572 1096 ac
1597 1056 1751 1107 speratis

207 1115 363 1166 sperans
383 1124 426 1152 ut
444 1111 689 1164 praesentibus
712 1111 865 1150 fruitur.

545 1239 955 1292 AD'NOS
1031 1240 1414 1292 LAUDIS

857 1334 1108 1370 AMOR.

357 1406 576 1457 Capreolus
602 1409 643 1445 in
666 1411 874 1446 cacumine
893 1409 998 1457 rupis
1021 1407 1055 1445 se
1080 1407 1262 1447 ostentat.
1336 1405 1504 1444 Animal
1526 1406 1747 1454 quodinrct

204 1473 321 1511 rupes
339 1462 454 1512 clegit,
469 1476 513 1501 ac
535 1463 688 1501 summa
713 1464 860 1513 semper
877 1465 1022 1512 appetit
1044 1464 1145 1501 loca.
1163 1474 1272 1500 tanta
1298 1462 1463 1500 saltandi
1482 1463 1628 1510 peritia,
1652 1462 1746 1498 dex-

203 1519 351 1555 teritate
373 1530 419 1555 ac
442 1518 642 1559 securitate
663 1520 891 1570 praeditum‚
928 1529 971 1556 ut
1003 1521 1044 1556 in
1071 1520 1275 1569 planitiem
1302 1520 1363 1556 vix
1390 1518 1522 1567 palma
1553 1519 1749 1564 majorem

204 1572 341 1610 saltare
364 1586 525 1624 praeceps
548 1574 694 1624 absque
717 1573 892 1625 periculo
914 1575 1080 1615 audeats
1109 1587 1231 1624 quam
1258 1586 1348 1611 cum
1373 1574 1519 1622 pedum
1550 1573 1749 1623 unguibus

204 1629 481 1677 apprzfflendst,
495 1631 548 1667 ibi
561 1633 679 1669 etiam
694 1630 731 1668 se
755 1630 874 1668 fistere
889 1631 1025 1679 potest.
1086 1630 1442 1680 Qemadmodum
1456 1630 1588 1677 itaque
1610 1629 1690 1666 hoc
1708 1641 1751 1666 a·

204 1685 331 1721 nimal
356 1685 468 1722 nullo
487 1688 677 1736 praecipitij
702 1696 810 1723 metu
826 1715 836 1729 ‚
862 1685 1010 1736 semper
1031 1686 1183 1729 altiora,
1199 1688 1237 1723 ὅ(
1265 1685 1417 1723 summa
1444 1684 1677 1733 petirdoncc
1690 1685 1749 1721 ul-

202 1739 319 1777 terius
339 1752 423 1777 nun
449 1741 580 1790 possit,
606 1744 657 1780 ita
679 1742 863 1779 illustriss.
884 1743 950 1779 iste
977 1743 1032 1778 vir
1046 1744 1219 1780 Ioannes
1242 1743 1412 1779 indicare
1437 1740 1511 1777 hac
1537 1740 1748 1790 Hierogra-

202 1796 297 1844 phin.
325 1796 464 1839 voluit,
478 1796 513 1833 se
534 1799 737 1841 virtutem,
752 1810 831 1845 qua
856 1797 939 1835 sola
960 1810 1047 1835 vcra
1069 1798 1154 1834 laus
1174 1807 1447 1845 comparatur,
1468 1795 1618 1844 semper
1637 1808 1745 1833 ama·

200 1854 254 1894 re,
270 1853 454 1899 tantique
468 1852 608 1896 facere,
624 1863 666 1890 ut
685 1853 917 1892 difficillima
941 1866 1108 1903 quaequc
1130 1854 1235 1891 illius
1245 1854 1393 1904 gratia,
1412 1864 1457 1889 ac
1477 1852 1525 1889 ad
1540 1863 1631 1889 eam
1653 1863 1747 1889 con-

203 1905 444 1957 sequendam
459 1909 626 1959 aggredi,
641 1909 743 1949 velit.

390 2031 500 2086 EX
577 2030 917 2082 GLACIE
995 2033 1585 2085 CRISTALLUS

847 2120 1131 2162 EvAsiT.

355 2201 419 2239 Dc
439 2200 474 2240 se
497 2201 762 2251 proculdubio
783 2203 1011 2242 Ludovicus
1034 2204 1243 2251 Gonzaga,
1268 2202 1445 2251 loquitur
1462 2204 1559 2240 dum
1587 2204 1639 2240 ait
1672 2200 1748 2239 EX

201 2256 496 2307 GLAC1E
557 2258 1048 2298 CRISTALLVS
1107 2259 1417 2296 EVASIT.
1474 2258 1746 2296 acdcristalli

200 2314 353 2362 origine
372 2313 702 2362 Hierographiam
722 2315 897 2352 deduxit.
953 2316 1097 2357 Putant
1118 2316 1226 2352 enim
1251 2315 1436 2351 authores
1451 2315 1638 2351 nonnulli
1663 2313 1741 2363 gla-

198 2369 297 2405 ciem
323 2369 391 2406 diu
416 2370 455 2405 in
480 2369 734 2417 frigidissimis
754 2370 956 2407 montibus
980 2369 1187 2411 servatam,
1217 2371 1379 2407 tandem
1403 2371 1443 2407 in
1473 2370 1683 2406 cristallum
1708 2381 1746 2406 a-

199 2424 281 2461 bire
298 2451 308 2466 ,
331 2435 376 2460 ac
410 2424 621 2462 cristallum
648 2425 752 2474 ptius
774 2438 921 2474 aquam
941 2426 1060 2464 fuiss‘e.
1151 2424 1303 2463 Verum
1331 2424 1506 2463 omnino
1530 2425 1745 2467 falluntur,
1771 2423 1774 2427 ’

197 2490 409 2527 nunquam
433 2481 539 2515 enim
553 2492 656 2526 aqua
687 2482 724 2517 in
747 2481 957 2518 cristallum
983 2482 1125 2519 mutari
1148 2481 1292 2530 potest,
1318 2480 1464 2528 absque
1486 2491 1618 2518 tamen
1642 2491 1746 2527 aqua

198 2546 285 2572 non
313 2538 540 2584 generatur,v
564 2533 662 2573 solvi
684 2537 790 2578 enim
826 2546 929 2573 terrae
958 2536 1183 2574 tenuissima
1206 2537 1335 2585 portio
1365 2549 1456 2573 cum
1483 2549 1586 2585 aqua
1607 2536 1744 2578 debet,

197 2602 285 2637 quae
309 2590 511 2626 recedente
544 2602 669 2640 aqua,
693 2601 779 2628 tum
805 2592 975 2639 primum
999 2595 1039 2629 in
1062 2592 1273 2629 cristallum
1297 2590 1518 2629 concrescit.
1608 2592 1647 2628 Si
1670 2591 1744 2627 cri-

198 2645 330 2682 stallus
351 2657 395 2682 ex
422 2657 525 2689 aqua
546 2646 750 2694 congelata
774 2647 988 2693 constaret,
1009 2649 1100 2697 igne
1131 2647 1360 2687 solveretur3
1389 2649 1402 2695 (
1426 2659 1511 2695 quae
1540 2648 1648 2683 enim
1678 2646 1745 2682 fri-

197 2712 291 2750 gore
314 2699 589 2745 concrescunt,
614 2702 742 2738 calore
766 2702 1008 2750 solvuntur,)
1031 2715 1076 2740 ac
1107 2715 1241 2750 aque-x
1265 2713 1388 2751 partes
1421 2704 1512 2752 igne
1540 2701 1744 2738 consume-

198 2757 471 2803 renturzquod
488 2768 570 2792 non
598 2756 641 2793 fit
663 2759 888 2805 experienti.
943 2760 1038 2808 Igne
1056 2760 1163 2795 enirn
1190 2769 1396 2801 crematus,
1420 2758 1569 2794 calcem
1588 2756 1651 2793 scu
1672 2767 1745 2793 ter·

195 2823 279 2849 tam
295 2838 306 2856 ‚
331 2813 370 2849 &
397 2810 449 2849 sal
470 2813 581 2860 cujus
604 2811 750 2862 spiritus
765 2812 960 2851 beneficio
984 2814 1217 2863 eoagulatus
1231 2813 1327 2858 fuit,
1354 2814 1532 2852 ostendit.
1589 2813 1743 2850 Verum

1501 2879 1585 2906 non
1607 2867 1733 2912 refert,
