1877 3277
229 208 293 253 τό.

227 280 282 318 ta,
295 275 332 310 &
346 271 447 322 regia
459 263 654 319 potestate,
672 267 812 304 interea
826 275 960 302 tamen
972 264 1109 301 omnia
1124 261 1172 299 ad
1184 263 1443 299 commodum
1458 262 1593 311 populi
1607 270 1736 312 aptare

228 330 376 366 debere.
422 325 557 363 Laude
569 323 727 370 quidem
741 323 852 358 omni
863 318 1135 369 dignissimum
1155 319 1246 353 cum
1260 318 1355 354 boni
1372 319 1550 366 principis
1561 316 1737 366 suprema

228 381 408 427 lex,salus
421 379 556 429 populi
568 376 861 419 cffedebeat,sed
875 387 958 423 quae
971 374 1092 410 multa
1109 372 1418 415 incommoda,&
1432 372 1594 421 pericula
1610 373 1739 410 secum

229 441 366 476 trahat.
395 435 527 472 Bellua
540 435 646 469 enim
661 430 876 468 multorum
889 431 1060 478 capitum
1079 427 1130 464 est
1151 427 1333 476 populus)
1346 427 1486 475 quibus
1507 426 1665 479 fingulis
1681 428 1739 464 di-

230 493 333 533 versa
347 492 393 527 de
407 489 519 526 rebus
533 485 664 523 insunt
681 487 837 532 judicia,
850 487 887 522 δε
904 486 1011 533 quod
1027 484 1091 520 uni
1107 483 1231 531 placet
1245 482 1352 522 alteri
1368 481 1549 530 displicet.
1609 484 1678 520 His
1693 491 1737 519 ο·

231 547 391 587 mnibus
410 544 527 591 quiut
542 543 703 591 placeat,
718 541 848 582 studet,
865 552 946 576 non
960 550 1096 586 parum
1111 535 1533 585 consumitunanimiss
1546 539 1583 574 &
1597 550 1740 589 corpo-

232 606 281 641 ris
296 603 390 640 vires
404 599 559 646 frangit.
613 597 709 633 Non
730 597 875 632 mitum
889 597 992 641 itaq3,
1008 595 1163 631 bonum
1186 592 1292 628 hunc
1314 593 1526 640 principem
1544 592 1679 629 officio
1699 594 1739 630 ὅ(

231 657 444 697 vocatione
465 652 530 692 sua
542 649 690 688 strenue
704 649 1147 699 fungentem,0stendete
1159 647 1257 684 velle
1280 647 1374 693 quid
1394 646 1488 683 lucri
1501 674 1512 690 ,
1527 649 1564 688 &
1586 647 1740 685 emolu·

232 712 353 750 menti
365 709 494 746 oblata
510 706 734 744 illiducatus
747 707 912 755 dignitas
927 703 1072 742 afferat:
1090 702 1207 740 Nihil
1227 700 1542 749 videlice-nquam
1555 703 1739 751 pericula,

231 778 339 806 curas
354 767 391 802 δί
407 762 697 804 sollicitudines,
711 772 796 810 quae
809 761 870 798 vel
881 760 1091 803 interitum,
1105 758 1164 796 vel
1175 758 1296 796 varias
1309 757 1446 802 animi,
1462 758 1500 794 ὄζ
1513 758 1683 811 corporis
1693 768 1740 800 κζ·

232 821 444 874 gtitudines
459 817 665 859 inducunt.

671 899 940 956 ULTRA
1001 899 1319 952 NUBILA.

385 1001 439 1040 Vt
451 1002 558 1039 navis
570 999 788 1048 tempestate
802 997 953 1043 {ast-ata,
965 997 1125 1033 tandem
1150 996 1319 1033 secundo
1333 992 1487 1033 afflante
1505 1006 1622 1035 vento
1640 995 1742 1035 secua

235 1072 281 1102 ro
293 1058 363 1097 effe
377 1061 416 1095 in
428 1058 524 1095 statu
536 1056 696 1096 videtur,
711 1066 754 1090 ac
768 1054 920 1089 ciconia
933 1053 980 1089 ad
993 1051 1173 1089 altissima
1196 1051 1374 1091 volatum
1387 1051 1569 1101 dirigens,
1583 1053 1744 1091 tandem

237 1118 356 1153 etiam
369 1114 464 1150 ultra
479 1111 613 1149 nubila
623 1110 762 1151 delata,
778 1119 867 1155 neq,
880 1106 900 1143 a
916 1108 1066 1156 pluvijs,
1079 1118 1206 1154 neque
1219 1107 1340 1145 ventis
1352 1106 1519 1154 amplius
1531 1109 1746 1156 quicquam

236 1170 379 1220 perpeti
392 1167 513 1216 potest
525 1180 532 1201 :
544 1168 595 1202 ita
612 1162 834 1212 Pasquafius
848 1161 912 1199 iste
932 1163 1022 1198 Dux
1048 1160 1069 1199 2⁸1
1088 1163 1240 1198 ciconia
1261 1172 1410 1199 nomen
1423 1161 1579 1200 familiae
1596 1163 1668 1199 suae
1678 1162 1745 1200 ha·

236 1227 346 1266 bem,
360 1223 520 1259 ciconiae
531 1219 716 1268 exemplo
725 1214 870 1267 egregie
883 1216 1060 1260 ostendit,
1077 1216 1111 1254 se
1132 1217 1180 1253 ad
1194 1216 1368 1253 summos
1389 1217 1549 1265 quidem
1571 1217 1746 1258 honores

236 1276 453 1335 pervenisse,
467 1287 510 1313 ac
525 1274 608 1324 post
621 1275 746 1325 varios
760 1272 926 1309 fortunae
948 1271 1122 1315 insultus,
1152 1283 1197 1308 ea
1221 1275 1300 1317 jam
1327 1266 1412 1308 satis
1445 1271 1619 1321 prospera
1643 1272 1720 1312 frui
1735 1285 1744 1309 ε

234 1335 371 1373 vetum
395 1330 577 1369 nondum
601 1326 715 1377 plane
729 1327 904 1364 securum
920 1326 1001 1371 effe,
1016 1336 1065 1363 ut‹
1075 1324 1177 1363 casui
1196 1328 1348 1364 ciconia
1363 1338 1407 1363 ac
1430 1327 1583 1366 vectura
1604 1326 1745 1368 onusta

235 1391 347 1429 navis
361 1397 574 1435 antequam
588 1393 742 1432 portum
756 1383 920 1432 attigerit
933 1381 1141 1431 naufragio
1154 1393 1199 1418 ac
1212 1380 1477 1431 submergendi
1492 1383 1661 1431 periculo
1680 1395 1746 1421 ex-

237 1444 358 1495 posita
372 1443 434 1481 est.
489 1441 569 1477 Has
585 1440 706 1476 animi
720 1437 773 1474 sui
788 1437 1034 1487 angustias,&
1047 1448 1156 1473 curas
1169 1437 1424 1487 Hieroglypto
1438 1447 1562 1483 notat,
1575 1450 1619 1477 ac
1632 1437 1747 1481 ninii,

237 1503 278 1538 in
290 1500 401 1537 rebus
414 1497 598 1534 humanis
608 1504 750 1535 tutum,
776 1494 1054 1540 neminemque
1066 1500 1155 1528 ante
1169 1491 1390 1540 supremum
1409 1493 1512 1530 diem
1536 1503 1747 1542 quantum·

237 1558 294 1594 vis
306 1554 463 1591 fortuna
476 1550 637 1588 arrideat
649 1549 805 1586 beatum
818 1548 892 1584 dici
904 1547 1006 1596 posse
1017 1545 1212 1596 fignificat.
1242 1547 1377 1584 Laude
1389 1557 1587 1596 propterea
1599 1549 1657 1587 no
1668 1559 1751 1587 me-

237 1610 359 1648 diocri
372 1610 523 1657 dignus.
534 1604 646 1643 Nihil
659 1605 763 1640 enirn
778 1601 999 1651 prudentius
1013 1600 1132 1649 quam
1144 1613 1283 1639 ornnes
1297 1598 1455 1653 fortune
1468 1602 1673 1652 applausus
1685 1601 1748 1641 su·

240 1664 388 1714 spestos
401 1662 597 1703 habere,&
612 1661 663 1696 ita
676 1658 829 1695 firmare
840 1659 1037 1700 animfi,ut
1048 1656 1072 1694 fi
1087 1657 1217 1696 velum
1233 1661 1545 1700 vertat,noxa-n6
1558 1658 1750 1699 sentiatur.

240 1721 436 1767 Magnum
450 1715 542 1763 quid
556 1716 704 1751 videtur
716 1714 764 1754 ad
776 1712 946 1753 honores
959 1711 1133 1751 summos
1146 1712 1268 1755 evehi,
1294 1712 1355 1749 sed
1366 1723 1406 1749 ut
1421 1712 1564 1757 honos,
1579 1716 1631 1752 ita
1644 1725 1749 1754 onus

240 1774 379 1815 crescit,
396 1775 432 1808 ὃς
446 1779 639 1817 quantum
652 1769 811 1806 honoris
825 1766 1011 1810 accrescit,
1030 1776 1183 1803 tantum
1198 1767 1376 1805 libertatis
1388 1767 1574 1806 decrescit.
1609 1770 1670 1810 Sic
1679 1772 1750 1820 qui

239 1825 653 1876 tebusp.praeficiuntur
665 1823 864 1859 summum
878 1823 1036 1869 quidem
1051 1821 1182 1858 locum
1195 1821 1429 1872 summamc'p
1441 1824 1668 1873 dignitatem
1681 1825 1752 1861 ob·

240 1888 378 1922 tinent:
394 1880 528 1919 verum
539 1879 686 1928 ingenti
706 1877 893 1922 adjuncto
905 1888 1034 1919 onere,
1048 1876 1143 1913 dum
1157 1878 1343 1918 omnibus
1367 1889 1411 1914 ac
1425 1877 1580 1928 singulis
1602 1880 1752 1928 reipub.

240 1938 426 1978 membris
439 1935 613 1985 tegendis
626 1943 880 1981 occupantur,
897 1944 941 1968 ac
955 1930 1054 1970 redte
1068 1941 1107 1968 ut
1118 1930 1240 1981 figura
1255 1933 1397 1970 indicat
1409 1934 1588 1975 oneraria}
1605 1936 1695 1972 navi
1707 1933 1751 1972 fi·

241 1995 353 2033 miles
367 1991 465 2033 sunt,
477 2000 572 2038 quae,
585 2000 666 2035 quo
677 1987 845 2036 amplior
856 1985 905 2024 eo
917 1987 1022 2035 plura
1035 1987 1074 2023 in
1090 1985 1122 2023 se
1132 1988 1324 2035 recipit,ac
1337 1999 1418 2034 quo
1431 1988 1552 2037 plura,
1568 1986 1617 2027 eo
1631 1990 1750 2033 obot-

239 2058 277 2088 ta
291 2046 512 2096 tempestate
527 2043 740 2091 majoribus
756 2042 928 2090 periculis
952 2043 1171 2090 exponitur,
1197 2053 1241 2078 ac
1261 2042 1413 2080 facilins
1431 2044 1543 2080 undis
1556 2045 1612 2092 (ni
1625 2043 1661 2081 se
1672 2043 1751 2082 εἰτὸ

242 2102 443 2148 exoneret)
463 2100 649 2136 obruitur.
704 2097 907 2135 Libertatis
920 2097 1103 2143 jacturam
1121 2108 1253 2145 capere
1269 2098 1372 2140 illos,
1386 2100 1455 2145 qui
1472 2097 1623 2137 summa
1641 2101 1683 2139 in
1694 2099 1752 2138 di-

242 2161 387 2209 gnitate
400 2155 597 2192 constituti
612 2152 707 2195 sunt,
724 2152 937 2192 notumest.
993 2152 1068 2189 Vix
1091 2153 1196 2188 enim
1218 2154 1396 2189 animum
1418 2152 1438 2189 ἐι
1452 2155 1551 2190 curis
1571 2155 1751 2201 relevare,

242 2214 356 2256 rebus
368 2209 617 2251 domoesticis,
634 2204 798 2255 liberissp
812 2207 911 2243 bene
925 2205 1146 2248 educandis,
1173 2217 1217 2243 ac
1230 2207 1441 2245 valetudini
1461 2209 1637 2246 curandae
1657 2221 1751 2260 ope·

299 2279 383 2306 ram
395 2267 484 2302 dare
495 2265 568 2302 illis
581 2264 676 2300 licet.
733 2263 821 2299 Haec
835 2263 982 2305 omnia,
999 2262 1065 2307 qui
1078 2260 1204 2305 nescit,
1221 2261 1245 2297 si
1257 2260 1328 2297 defi
1336 2272 1388 2304 nt,
1402 2264 1613 2301 libertatem
1625 2266 1698 2302 mi-

394 2331 524 2365 nuere,
539 2320 599 2358 vix
614 2317 717 2365 sapit.
774 2317 941 2354 Valeant
955 2313 1084 2364 itac‘1ue
1105 2315 1274 2352 honores
1287 2326 1344 2353 tot
1367 2319 1543 2366 periculis
1557 2329 1602 2356 ac

571 2372 842 2410 incommodis
864 2371 1030 2414 venales,
1052 2381 1096 2406 ac
1116 2371 1361 2410 rnediocritas
1381 2374 1424 2410 in

728 2429 841 2471 rebus
862 2426 1046 2463 omnibus
1069 2436 1273 2472 (μικταὶ-ιη’,

880 2483 916 2521 ὅ(
932 2479 1103 2518 sufficiat.

954 2532 1004 2591 f&
