1877 3277
245 290 344 337 150.

757 340 941 393 ILLE
1015 337 1251 390 MEOS.

393 434 659 484 Virgilianum
674 432 725 470 est
738 434 989 484 Symbolum,
1003 447 1047 472 ac
1061 435 1246 480 Didonis,
1258 445 1342 482 quae
1356 441 1578 483 perpetuam
1590 433 1677 486 post
1689 434 1775 474 obi-

240 500 324 534 tum
338 492 467 530 mariti
498 489 725 527 viduitatem
737 488 773 526 se
783 489 1019 529 servaturam
1029 493 1194 537 jurabat,
1215 490 1330 528 verba
1344 502 1351 525 :

482 562 566 613 Ille
578 579 708 620 meos,
716 563 898 625 primm,
910 565 985 630 qui
999 581 1071 613 me
1066 562 1155 630 fibi
1151 565 1303 627 junxit
1313 580 1480 612 amores

615 635 674 681 A
675 630 818 700 bstulit
820 670 833 692 ‚
846 636 915 683 ille
927 633 1646 703 habeatſscum,ſsrvetffſspulchror

391 723 682 773 Hieroglypton
698 723 893 773 Symbolo
913 723 1139 774 respondets
1161 728 1327 764 cernitur
1346 729 1452 764 enim
1466 737 1586 764 turtur
1596 728 1789 764 exiccato·

239 778 409 818 infidens
443 779 591 816 arboris
620 790 755 822 ramo,
780 781 845 826 qui
876 782 1047 830 conjugij
1070 782 1215 820 foedera
1238 785 1290 820 ita
1313 782 1447 826 servat,
1469 792 1509 820 ut
1522 781 1607 831 post
1617 783 1774 819 obitum

239 836 436 885 conjugis,
453 844 520 872 aut
545 835 644 884 paris
672 833 875 882 superstes,
897 848 1107 884 nunquam
1129 840 1300 888 conjugij
1327 837 1548 875 societatem
1564 867 1574 882 ,
1603 847 1672 874 aut
1705 849 1775 886 pa·-

237 903 322 928 rem
335 890 503 940 amplius
514 889 845 938 quaeratzdefunfti
858 893 962 928 enim
980 903 1148 930 mortem
1162 891 1347 942 perpetuo
1368 893 1668 944 luget‚omnesq3
1681 893 1774 930 deli-

242 949 322 984 cias
335 947 542 996 fugit,neq3
556 946 738 983 viridibus
749 947 936 984 arborum
947 949 1062 985 ramis
1076 950 1323 996 amplius‚sed
1339 951 1505 992 exuccis,
1521 947 1673 997 aridisc'p
1686 958 1773 986 tan.

239 1012 327 1039 tum
348 1001 496 1040 insidet.
549 1003 638 1039 Haee
662 1002 890 1050 Principiss'n,
918 1003 1038 1040 Ducis
1058 1004 1251 1053 Bisignani
1274 1004 1536 1049 filia,turturis
1547 1005 1774 1053 exemplum

239 1057 365 1095 secuta
378 1058 439 1096 est:
495 1057 645 1096 Marito
657 1059 763 1094 enim
775 1058 976 1102 defuncto,
990 1058 1068 1107 ipsa
1083 1060 1246 1097 florente
1259 1071 1364 1097 aetate
1377 1062 1491 1098 vidua
1504 1060 1698 1109 superstes,
1715 1059 1775 1095 lu-

239 1114 373 1162 gubris
395 1113 542 1162 semper
553 1112 706 1156 mansit,
722 1112 874 1162 seseque
898 1115 946 1151 ab
966 1114 1179 1152 hominum
1198 1116 1398 1158 consortio
1411 1115 1632 1165 segregavit.
1689 1115 1774 1150 Do-

238 1170 423 1206 mietiam
439 1167 624 1218 perpetuo
646 1167 798 1206 occlusa
823 1169 970 1207 vestalis
993 1172 1151 1220 virginis
1172 1172 1310 1215 instar,
1335 1183 1380 1208 ac
1402 1171 1422 1207 εὶ
1445 1174 1539 1208 vino
1564 1170 1772 1213 abstinens,

240 1225 349 1270 studij
357 1223 446 1273 sque
459 1224 613 1267 divinis,
628 1226 666 1261 &
681 1225 896 1262 moralibus
906 1226 1047 1270 dedita,
1059 1227 1254 1266 remansit.
1312 1227 1454 1266 Nullas
1467 1228 1623 1276 nuptias
1635 1226 1657 1262 ὁ.
1671 1227 1775 1275 prin-

243 1280 396 1328 cipibus
420 1280 619 1328 expetitas,
635 1281 732 1316 inire
757 1293 936 1329 unquam
952 1282 1086 1319 voluit.
1144 1283 1302 1320 Iusticiae
1322 1284 1513 1332 imprimis
1527 1311 1537 1327 ,
1553 1291 1594 1320 ut
1615 1281 1774 1319 subditis

240 1335 341 1371 bene
359 1335 687 1373 administraretur
708 1347 870 1384 operam
891 1338 1014 1375 dedit:
1040 1339 1082 1375 in
1107 1349 1291 1388 pauperes
1313 1342 1351 1376 ὃ(
1375 1341 1550 1388 virgines,
1576 1349 1673 1386 quas
1698 1336 1773 1373 suis

239 1391 415 1438 expensis
429 1391 621 1433 elocabat,
646 1389 731 1427 satis
751 1393 918 1429 liberalis
931 1421 940 1437 ,
964 1395 1125 1430 tandem
1147 1404 1188 1431 ut
1207 1393 1435 1432 fidelitatem
1458 1398 1500 1431 in
1513 1394 1773 1437 mantuan&

238 1448 528 1498 continentiam
542 1446 769 1493 ostenderet,
785 1447 887 1485 hane
907 1449 1236 1499 Hierographiam
1252 1451 1381 1488 edidit.

515 1560 1035 1624 CELERITATE
1084 1562 1180 1613 ET
1237 1562 1494 1613 MORA.

393 1656 471 1695 Ala
484 1656 572 1694 orbi
584 1656 775 1704 applicata
787 1656 1035 1700 celeritatem,
1051 1668 1096 1693 ae
1107 1656 1258 1693 testudo
1269 1656 1308 1692 in
1321 1654 1519 1692 adversam
1531 1656 1612 1701 ejus
1625 1660 1773 1702 partem

239 1723 389 1761 repens,
405 1724 561 1748 moram
573 1711 758 1760 defigunt.
815 1710 965 1759 Aquila
977 1712 1113 1748 orbem
1133 1710 1318 1749 sustinens
1334 1721 1563 1758 utrumque:
1577 1707 1774 1756 quantum

237 1769 347 1808 enim
358 1768 427 1804 alis
441 1767 619 1803 festinare
630 1769 748 1815 cupit,
766 1766 921 1804 tantum
946 1768 1049 1804 orbis
1063 1767 1235 1815 pondere
1256 1768 1476 1815 impeditur.
1534 1763 1774 1813 Symbolum

238 1823 339 1860 istud
352 1824 390 1859 in
403 1823 506 1859 libris
521 1822 597 1859 istis
613 1821 807 1869 frequens,
821 1821 1017 1859 differente
1030 1823 1306 1872 Hieroglyth
1321 1821 1516 1858 intellectu
1536 1831 1622 1857 non
1633 1818 1773 1856 diffici-

239 1879 291 1916 le.
347 1876 423 1914 Hic
439 1878 587 1915 videtur
600 1877 768 1914 indicare
789 1889 845 1913 res
866 1890 998 1927 graves
1012 1880 1049 1915 ὃς
1063 1879 1253 1926 politicas,
1270 1890 1354 1924 quae
1372 1877 1417 1914 ad
1434 1876 1538 1913 orbis
1563 1875 1773 1923 imperium

239 1933 424 1982 spectant,
439 1945 566 1981 neque
578 1932 670 1971 cito,
685 1944 810 1980 neque
822 1932 928 1971 tarde
945 1935 1020 1983 geri
1035 1933 1184 1976 debere,
1201 1933 1261 1970 sed
1284 1933 1455 1969 instituto
1470 1930 1573 1980 prius
1587 1929 1769 1972 consilio,

238 1989 349 2034 quod
365 2001 521 2025 motam
535 1989 709 2035 aliquam
726 1987 857 2036 poscit.
915 1990 973 2027 Eo
995 1989 1209 2038 praehabito
1231 2017 1241 2033 ,
1264 1990 1431 2026 celeriter
1465 1987 1573 2034 quod
1607 1985 1772 2022 conclu-

238 2043 324 2081 sum
337 2045 387 2080 est
404 2043 708 2092 expediendum:
731 2045 825 2080 alias
838 2054 949 2081 mora
966 2040 1141 2093 peccatur
1153 2047 1190 2081 ἅ
1206 2044 1409 2082 celeritate.
1465 2044 1582 2079 Mora
1606 2043 1645 2078 in
1658 2041 1772 2077 rebus

237 2100 384 2144 bellicis
398 2097 571 2136 maxime
594 2111 737 2135 nocere
760 2099 890 2147 potest:
948 2099 986 2136 Si
1007 2102 1113 2137 enim
1140 2102 1224 2137 Rex
1246 2100 1383 2148 procul
1403 2098 1451 2135 ab
1465 2098 1631 2134 exercitu
1655 2095 1706 2139 sit,
1727 2106 1772 2132 ac

237 2154 399 2192 consilia
413 2155 460 2190 ad
478 2166 568 2191 eum
584 2153 804 2203 priusquam
828 2155 920 2201 quid
941 2166 1090 2205 geratur
1100 2155 1238 2192 deferri
1252 2155 1438 2192 debeant:
1462 2153 1552 2200 saepe
1576 2154 1629 2189 rei
1642 2163 1771 2201 geren-

237 2211 385 2248 daenon
400 2209 527 2247 solum
552 2209 705 2247 occasio
730 2212 937 2247 amittitur:
958 2210 1017 2247 sed
1043 2213 1161 2247 etiam
1185 2223 1241 2247 res
1275 2210 1450 2258 perditur.
1508 2209 1596 2244 Hoc
1616 2209 1769 2244 incom-

238 2266 410 2303 modum
432 2276 471 2302 ut
489 2267 663 2302 Romani
689 2267 871 2309 vitarent,
894 2265 1135 2303 Di&atore11i
1156 2266 1358 2306 creabant,
1385 2275 1499 2312 penes
1523 2275 1640 2310 quem
1672 2263 1770 2298 sum-

239 2334 305 2358 ma
338 2332 415 2357 erat
448 2321 635 2358 statuendi
657 2322 693 2358 ὃ(
726 2321 942 2369 imperandi
974 2322 1150 2369 potestas.
1210 2321 1317 2357 Idem
1338 2321 1486 2369 :egrotis
1508 2319 1658 2361 accidit,
1673 2318 1770 2354 dum

236 2376 400 2413 morbus
416 2375 541 2412 sedem
554 2376 647 2426 figit,
674 2376 895 2423 priulqrmm
921 2379 1092 2414 medicus
1119 2387 1276 2413 vocetur
1290 2405 1299 2419 ,
1328 2378 1363 2411 δε
1390 2375 1482 2421 quid
1506 2374 1702 2423 agendum
1729 2372 1772 2408 sit

241 2431 468 2468 consultum
483 2431 606 2468 fuerit.
666 2432 868 2474 (lt-lentas,
884 2432 987 2479 absq3
1012 2432 1176 2468 consilio
1191 2434 1228 2468 &
1243 2431 1434 2467 electione
1457 2430 1537 2475 eju's
1550 2429 1658 2477 quod
1673 2428 1770 2476 opti-

239 2499 353 2524 mum
365 2486 603 2527 est,instituta
616 2497 743 2529 nocet,
757 2489 846 2534 quia
864 2499 989 2534 neque
1002 2488 1209 2535 perpendit,
1225 2498 1352 2532 neque
1367 2494 1556 2534 praecavet,
1567 2496 1651 2532 quae
1663 2495 1768 2520 acce-

239 2543 375 2578 leranti
395 2542 580 2577 obvenire
594 2541 747 2589 poll'unt
761 2543 944 2589 pericula.
1004 2542 1124 2578 Recte
1139 2544 1228 2590 itaq3
1246 2542 1322 2578 haec
1337 2540 1548 2589 Principiss'a
1586 2539 1618 2575 C
1634 2539 1660 2575 E
1678 2539 1707 2575 L
1722 2539 1770 2574 E-

239 2599 278 2633 R
292 2598 305 2633 I
321 2597 355 2632 T
370 2597 406 2633 A
423 2597 457 2632 T
475 2597 500 2632 E
532 2598 559 2633 E
573 2598 607 2632 T
638 2598 679 2633 M
694 2598 730 2632 O
747 2599 780 2632 R
801 2597 849 2638 A,
884 2598 919 2634 id
937 2598 986 2634 est
1001 2599 1200 2645 prudentia
1216 2600 1420 2646 negotium
1437 2597 1604 2643 quodvis
1615 2595 1691 2643 geri
1703 2594 1768 2630 de-

240 2653 340 2694 bere,
355 2652 517 2688 testatur.
574 2650 696 2700 quue
709 2665 842 2689 verum
857 2653 907 2689 est
932 2667 1013 2690 non
1030 2653 1155 2689 solum
1184 2654 1221 2689 in
1238 2654 1384 2700 ijs,quae
1408 2654 1491 2687 vito
1503 2650 1655 2687 tantum
1669 2661 1768 2685 con·-

238 2709 411 2745 veniuut‚
427 2718 466 2743 ut
479 2707 716 2744 declaratum
732 2708 794 2747 est,
813 2707 870 2743 sed
885 2710 1000 2745 etiam
1013 2721 1096 2755 quae
1121 2709 1306 2745 foemiuae.
1358 2708 1464 2743 Nam
1487 2707 1532 2742 ad
1548 2707 1614 2742 viri
1629 2705 1767 2740 ferocis

239 2761 345 2798 affeci
357 2775 397 2797 us
409 2761 890 2810 compescendos,ejusque
905 2776 992 2799 com
1002 2764 1233 2811 pestem-ium
1246 2763 1438 2804 animum,
1454 2760 1587 2808 resque
1598 2772 1767 2796 oecono-

239 2819 360 2853 micas
376 2816 526 2854 rest-‘cac
537 2817 698 2854 dem-'051
714 2817 880 2854 foemina.
893 2820 1178 2867 gubernandas,
1195 2829 1277 2855 non
1298 2818 1428 2854 minus
1454 2816 1573 2865 quam
1598 2818 1636 2852 in
1662 2815 1775 2852 caete-'

240 2875 288 2909 ris
302 2874 502 2915 celeritate,
519 2876 555 2910 ὃς
569 2885 676 2910 mora
703 2885 801 2920 opus
818 2873 880 2910 cst.

1485 2957 1766 3007 OMNIA
