1877 3277
158 221 248 266 ’Μ’
537 289 930 339 MELIORA
1008 286 1324 356 QVAERo.

313 386 530 425 Neminem
543 384 634 421 latet
647 385 790 422 bovem
812 385 909 421 dum
934 382 1099 433 pascitur
1130 382 1419 434 progrediendo
1443 377 1633 432 paulatim
1658 383 1715 419 ul-

157 443 476 487 terius,tneliorcs
491 440 636 489 semper
650 440 788 478 herbas
810 440 944 489 pabuli
967 441 1089 489 gratia
1103 451 1328 487 quaerercac
1368 440 1505 488 eligere
1525 442 1563 477 δε
1607 450 1712 476 nun-

157 509 284 546 quam
300 509 380 535 una
393 496 558 534 statione
571 506 807 533 contentum
819 494 890 532 effe
902 495 970 532 nisi
986 496 1087 532 satur
1098 495 1152 532 sit.
1209 495 1276 533 Ab
1290 496 1366 532 hoe
1381 495 1497 545 ipsius
1521 495 1716 544 pabulan-

155 554 198 590 di
212 550 513 600 modo2sumpfit
523 551 627 589 hanc
641 552 971 601 Hierograpbiam
986 552 1167 600 Princeps
1184 564 1281 599 :qua
1297 552 1498 588 ostendere
1512 550 1595 589 vult
1608 550 1642 587 se
1657 552 1715 587 in-

157 610 240 646 dies
274 609 318 646 M
331 609 359 645 E
373 608 406 644 L
422 609 438 645 1
452 607 490 643 O
505 608 542 643 R
556 607 594 644 A
629 607 719 658 Q
734 607 804 644 ΑΕ
820 609 935 644 Rere.
995 607 1146 649 Verum
1159 608 1268 654 quod
1289 609 1424 656 quaerit
1439 620 1523 644 non
1538 607 1714 655 corporis

159 665 466 707 nutrimentum,
482 665 521 700 ὃς
535 661 685 700 satietas
700 663 770 700 est:
788 662 848 701 sed
863 664 1018 705 animae,
1033 675 1119 711 quae
1138 664 1340 701 virtutibus
1356 665 1509 700 tamdiu
1525 663 1691 712 pascitur
1704 689 1716 706 ,

155 719 422 770 perfectiores,
437 719 673 757 &meliores
689 717 838 768 semper
851 720 1175 766 quaerens,donec
1190 718 1440 761 saturetur,th
1457 718 1657 756 summum
1672 717 1718 753 il-

155 775 228 814 lud
240 777 410 819 bonum,
421 774 561 812 verum
575 776 709 812 omnis
724 776 950 824 appetentiae
963 774 1150 818 finem,ac
1164 775 1326 824 scopum
1340 773 1612 823 consequatur.
1628 774 1718 810 Hoc

156 832 270 872 enlm
285 833 466 874 obtento,
489 829 680 869 saturatur
702 832 852 874 anima,
874 843 1003 878 neque
1016 831 1182 868 meliora
1204 832 1375 879 amplius
1402 841 1553 879 optare,
1568 839 1636 867 aut
1650 829 1718 866 ba-

157 887 389 940 bere‚potest
447 887 486 924 Si
498 887 664 925 meliora
687 887 754 923 ista
774 899 860 935 quae
882 885 919 923 se
933 899 1101 934 quaerere
1117 887 1314 937 Symbolo
1330 888 1510 935 Princeps
1523 886 1627 929 dicit,
1642 884 1717 921 ho-

159 956 280 983 nores
294 947 333 982 &
347 944 519 994 gloriam
533 946 622 990 quis
644 943 859 992 intelligere
882 943 996 981 velits
1021 955 1107 979 non
1123 941 1228 980 male
1247 942 1579 991 Hierographiam
1593 952 1717 989 expo-

158 1011 243 1042 net.
300 1000 439 1051 Solent
464 999 574 1036 enim
598 1000 793 1047 Principes
809 1027 818 1040 ‚
842 1011 887 1035 ac
909 1000 1144 1048 virimagni,
1168 996 1260 1036 raro
1277 998 1447 1047 praescnti
1468 998 1629 1035 fortuna
1644 995 1717 1032 effe

157 1057 359 1101 contenti,
382 1054 531 1104 semper
543 1056 651 1091 enim
665 1055 712 1091 ad
727 1054 880 1091 summa
894 1055 1087 1100 quasdam,
1100 1066 1144 1091 ac
1157 1065 1199 1092 ut
1212 1063 1369 1091 caeteros
1383 1054 1525 1103 gloria,
1545 1053 1714 1096 honore,

160 1113 200 1149 δε
215 1113 391 1163 potentia
404 1109 866 1159 superent,contendunt.
897 1109 1006 1147 Cum
1021 1110 1258 1148 hacratione
1272 1109 1306 1147 se
1320 1110 1483 1147 illustres
1498 1112 1535 1147 ὅ(
1549 1109 1716 1151 foelices,

159 1169 274 1215 quod
292 1168 427 1205 multis
449 1165 678 1204 benefacere
693 1165 856 1215 possint,
873 1168 911 1203 ὅ(
924 1165 945 1203 ὲ
959 1167 1094 1204 multis
1119 1176 1365 1211 venerentur,
1383 1169 1421 1204 ὀί
1436 1166 1632 1210 colantur,
1647 1162 1718 1201 ess‘c

160 1226 410 1264 arbitrantur.

372 1310 834 1361 PATIENTIA
893 1310 985 1360 IN
1046 1310 1467 1376 ADVERSIS.

315 1409 493 1461 Seipsum
518 1407 747 1447 consolatur
770 1408 834 1445 hic
854 1408 1158 1457 Princeps,dum
1173 1407 1195 1445 a
1210 1407 1296 1446 filio
1317 1409 1460 1446 carceri
1477 1406 1647 1445 inclusus
1659 1405 1720 1443 de-

158 1469 358 1506 tineretur.
417 1464 720 1510 Consolationis
734 1464 870 1502 testem
884 1465 1011 1501 voluit
1032 1463 1102 1501 esse
1118 1463 1221 1501 hanc
1235 1464 1571 1514 Hierograpliiam
1583 1491 1592 1506 ,
1608 1465 1720 1509 cujus

158 1524 453 1574 Hieroglypton
475 1521 689 1571 compedes
713 1522 751 1557 ὅ(
766 1520 926 1560 vincula
948 1521 1093 1567 quibus
1116 1520 1256 1569 ligatus
1273 1520 1360 1564 fuit,
1376 1520 1561 1567 adjunita
1578 1518 1721 1557 securi,

158 1580 384 1618 ostendunt.
442 1578 576 1617 Securi
592 1576 857 1627 proculdubio
871 1575 1089 1626 significare
1103 1577 1231 1613 voluit
1244 1576 1281 1614 se
1294 1578 1341 1614 ad
1354 1586 1523 1613 mortem
1539 1586 1721 1625 paratum

160 1635 247 1680 effe,
262 1647 391 1683 neque
401 1647 490 1673 eam
503 1630 691 1673 metuere.
745 1634 897 1682 Magna
919 1631 999 1669 haec
1019 1633 1206 1682 Principis
1228 1632 1425 1670 fortitudo
1441 1661 1452 1676 ‚
1478 1635 1517 1670 &
1533 1632 1722 1682 patientia.

158 1692 204 1730 in
218 1690 394 1730 adversis.
451 1691 608 1727 Durum
624 1689 698 1726 fuit
710 1687 730 1725 ὲ
743 1688 829 1725 filio
839 1697 949 1725 tanta
963 1689 1148 1737 pericula,
1163 1687 1369 1737 tantase'luc
1383 1690 1543 1734 injurias
1558 1688 1667 1724 ferre.

158 1747 313 1786 Verum
327 1747 407 1784 haee
422 1747 564 1783 omnia
577 1744 775 1788 constans,
789 1747 827 1781 ὅ(
839 1744 951 1781 fortis
971 1744 1074 1781 illius
1086 1746 1247 1782 animus
1265 1744 1515 1792 contempsit,
1540 1746 1578 1782 ὅ(
1594 1753 1721 1793 pertu-

160 1805 226 1843 lit:
249 1803 378 1841 donec
389 1804 531 1839 iterum
545 1800 1126 1850 pristinaelibertatirestituerem
1136 1813 1163 1837 r.
1217 1800 1352 1838 Simile
1376 1800 1618 1837 fortitudinis
1640 1798 1721 1848 spe-

159 1862 293 1897 cimen
315 1859 433 1896 nobis
459 1857 640 1894 exhibuit
661 1856 852 1893 Annitius
875 1856 1037 1893 Boetius
1066 1855 1206 1898 consul
1223 1857 1451 1899 Romanus,
1486 1857 1536 1893 ab
1548 1857 1723 1904 Impera-

159 1927 247 1953 tore
260 1915 427 1953 vinculis
441 1916 479 1951 &
491 1924 639 1950 carcere
653 1911 835 1949 inclusus:
853 1911 963 1960 quod
979 1912 1081 1959 Arrij
1097 1913 1144 1949 de
1158 1912 1352 1953 Trinitate
1369 1911 1597 1949 sententiam
1614 1910 1722 1958 sequi

160 1972 303 2010 nollet.
358 1971 432 2008 Hic
442 1981 534 2006 curn
549 1966 679 2018 primo
704 1969 891 2017 dignitate
911 1967 1066 2004 summa
1080 1968 1225 2011 ablata,
1251 1969 1392 2005 carceri
1408 1969 1655 2015 mancipatus
1671 1964 1721 2002 es·

162 2028 230 2072 set,
241 2027 329 2069 satis
343 2026 457 2063 molli
474 2026 613 2062 animo
628 2025 715 2068 fuit,
732 2024 863 2073 postca
885 2032 1020 2061 tamen
1034 2035 1127 2061 cum
1141 2024 1176 2061 se
1187 2024 1440 2073 recolligeret,
1464 2025 1515 2060 ita
1539 2022 1573 2060 se
1587 2022 1722 2059 firma-

162 2086 231 2128 vit,
249 2093 291 2120 ut
303 2093 498 2133 magnum
512 2080 750 2123 constantiae,
765 2082 802 2117 ὃς
818 2081 1009 2128 patientiae
1025 2081 1200 2128 posteris,
1222 2092 1308 2117 non
1332 2079 1463 2116 solum
1477 2079 1719 2127 exemplum,

163 2140 227 2179 sed
239 2139 364 2184 solatii
378 2149 503 2188 genus
518 2137 686 2174 ediderit.
747 2134 985 2184 Conscripfit
996 2138 1104 2172 enim
1133 2137 1172 2172 in
1194 2147 1346 2172 carcere
1371 2136 1547 2172 libellum
1562 2136 1608 2171 de
1621 2147 1714 2171 con-

162 2195 360 2234 solatione
375 2191 647 2242 philosophiae,
665 2194 762 2242 Qo
776 2189 877 2228 certe
897 2191 1033 2228 libello
1058 2192 1208 2235 nullus,
1232 2191 1302 2235 illi,
1318 2193 1387 2239 qui
1401 2190 1564 2228 adversis
1579 2191 1704 2239 premi

161 2262 238 2294 tur,
254 2251 398 2293 utilior,
412 2250 638 2298 majorique
655 2247 797 2285 solatio
810 2246 880 2284 effe
896 2247 1032 2295 potest·
1090 2249 1137 2284 In
1152 2260 1201 2284 eo
1217 2248 1292 2285 vita
1309 2247 1438 2284 nostra
1452 2247 1589 2284 theatri
1603 2246 1722 2282 instar

163 2307 247 2353 esse,
263 2309 302 2344 &
318 2317 565 2354 quaecunque
579 2316 725 2352 magna
737 2303 985 2346 videntur‚ad
999 2313 1155 2352 tempus
1169 2302 1384 2347 tanturm&
1400 2304 1594 2340 incertum
1605 2303 1720 2338 dura·

162 2376 215 2407 te,
229 2359 473 2410 Vanitatiduc
487 2361 602 2410 plena
616 2359 686 2396 esse
697 2360 896 2401 omnia,&
911 2359 1072 2396 tandem
1084 2359 1356 2407 relinquenda,
1374 2356 1576 2407 aliamc'iue
1592 2356 1702 2407 perso
1713 2379 1722 2386 ·

163 2420 288 2465 nam(
305 2419 397 2454 utin
413 2416 661 2461 Comoediis)
678 2415 794 2452 finito
809 2415 899 2452 actu
925 2414 995 2452 effe
1010 2415 1270 2458 subeundam,
1288 2412 1408 2464 longe
1435 2415 1454 2452 εὶ
1470 2416 1589 2464 priori
1602 2414 1720 2450 diver-

164 2475 248 2512 sam
265 2473 497 2511 ostenditur:
526 2472 738 2508 Summum
753 2471 848 2508 illud
869 2472 1041 2514 bonum,
1055 2483 1188 2508 verum
1203 2472 1408 2519 gaudium,
1434 2468 1646 2507 immensas
1659 2469 1721 2505 de-

164 2531 286 2573 licias,
300 2525 564 2575 aeternamc'lue
582 2527 881 2570 beatitudiuem,
904 2538 983 2574 qua
1012 2529 1139 2571 majus
1165 2527 1263 2562 nibil
1289 2525 1360 2563 effe
1394 2527 1517 2574 potest
1530 2555 1539 2568 ,
1564 2526 1721 2562 tantum

164 2585 444 2636 postmortem,
465 2595 550 2620 non
565 2580 630 2619 hic
642 2583 681 2619 in
696 2583 770 2620 vita
784 2582 878 2618 dari.
928 2583 1095 2619 Proinde
1108 2581 1262 2619 adversa
1277 2584 1414 2618 omnia
1429 2584 1466 2619 ἃ
1482 2591 1648 2618 mortem
1665 2582 1722 2628 ip-

166 2641 247 2678 sam
260 2640 450 2689 jucundo,
465 2641 503 2676 &
518 2639 605 2675 laeto
619 2639 774 2682 animo,
789 2648 982 2686 tanquam
997 2638 1134 2675 futurae
1147 2638 1399 2675 beatitudinis
1413 2639 1538 2680 initia,
1554 2636 1625 2673 effe
1643 2648 1720 2685 per-

164 2697 338 2735 ferenda.

481 2783 778 2832 RERUM
858 2780 1415 2831 VICISSITUDO.

318 2877 415 2914 Non
432 2874 563 2915 solum
586 2878 640 2914 illi
666 2879 829 2921 Hero'es‚
847 2879 885 2914 ὃ(
902 2878 1097 2926 Principes
1119 2876 1306 2913 laudendi
1329 2875 1721 2924 Ihnt,quifibi‚egre-

1597 2931 1659 2979 gia
1680 2932 1717 2966 ὅ(
