1877 3277
1565 53 1595 105 θ.

1553 236 1587 266 2
1625 254 1638 266 .

112 292 176 335 let,
188 297 368 338 tempore
388 286 564 324 minores
588 285 742 335 palmas
761 284 849 324 fore
865 282 1032 333 aequales
1054 284 1212 329 majori,
1230 294 1316 333 quae
1343 285 1424 331 jam
1446 233 1639 326 excrevizz

114 345 305 386 Videlicet
317 342 493 393 palmam
505 344 717 391 majorem,
730 353 817 391 quae
831 340 1039 379 victoriam
1060 340 1243 390 adeptam
1258 339 1460 390 fignificat,
1472 343 1554 388 jam
1567 343 1639 381 effe

110 401 366 447 constantems
377 398 545 447 reliquas
558 396 651 436 vero
663 397 1141 448 speratas&imminentes
1155 396 1292 442 mediat
1306 395 1460 440 smiles
1490 399 1642 436 &con

112 458 252 497 stantes
281 456 439 504 rupium
462 452 581 503 instar
608 451 705 492 fore.
778 452 985 490 Admonet
1014 453 1133 490 etiam
1155 452 1394 517 Symbolum
1428 453 1643 492 authorem

112 526 200 553 non
224 511 396 560 diffidere
418 508 508 556 fibi,
528 510 626 557 quin
648 499 811 547 tandem
833 505 1030 558 progressu
1050 510 1236 557 temporis
1259 509 1338 546 de
1329 510 1499 547 mimicis
1519 508 1563 547 sit
1581 522 1641 548 re·

114 578 338 620 portaturus
360 536 594 604 victoriam:
649 564 831 602 Tantum
862 564 1057 613 patienter
1089 563 1392 613 expectandum,
1412 565 1542 603 donec
1561 565 1642 616 pal-

112 636 186 664 mae
219 620 461 671 excrescant,
485 619 524 658 id
550 619 631 658 est:
660 630 818 672 tempus
854 619 1027 659 vistoriae
1058 618 1309 668 occasionem
1339 630 1540 660 maturam
1579 621 1641 662 fa-

113 689 202 720 Clat-

280 764 627 834 ACC1P10
704 762 1026 815 NULLAS
1102 761 1477 815 SORDIDA

660 859 898 894 TURRIS
946 857 1113 894 AVES.

265 950 372 989 Inter
392 948 721 999 Hierographias‚
748 960 835 998 quae
869 946 948 985 hoc
969 947 1178 997 volumine
1205 949 1483 992 continentur,
1508 949 1642 998 inepta

113 1008 194 1047 haec
215 1004 394 1055 nihilque
415 1007 615 1056 egregium
638 1005 844 1051 continere
864 1003 1038 1050 videtur·
1069 1005 1268 1053 Loquitur
1290 1005 1397 1042 enirn
1421 1004 1568 1047 Turris,
1585 1002 1642 1041 se-

113 1076 190 1114 que
214 1061 407 1101 sordidam
427 1036 622 1120 appellat,
645 1061 698 1098 ait
721 1049 933 1109 siquidem·
978 1060 1018 1097 A
1039 1059 1075 1097 C
1098 1059 1132 1097 C
1156 1061 1216 1098 IP
1240 1061 1255 1097 1
1279 1060 1318 1097 O
1366 1059 1502 1098 NVL
1520 1059 1642 1097 LAS

113 1120 239 1159 SOR
258 1118 426 1156 DlDA
459 1115 735 1155 TVRRIS
775 1114 952 1154 AVES.
1011 1115 1066 1154 At
1083 1115 1177 1165 quid
1199 1115 1306 1154 haec?
1341 1114 1410 1152 nisi
1436 1114 1541 1153 forte
1560 1116 1641 1152 iro·

111 1172 198 1214 nice
234 1173 450 1221 Catharina
481 1163 527 1221 (a
548 1171 830 1209 detraetoribus
855 1170 1009 1208 sordida
1033 1172 1255 1221 appellata)
1278 1170 1314 1208 se
1333 1169 1543 1215 sordidam,
1558 1181 1647 1221 quae

112 1229 373 1269 mundissima
399 1227 485 1269 fuit,
500 1237 627 1274 vocet,
653 1238 697 1264 ac
720 1226 755 1264 se
777 1227 906 1264 nullas
929 1238 1031 1271 aves,
1044 1227 1081 1265 id
1103 1227 1155 1265 est
1179 1227 1314 1264 nullos
1327 1227 1427 1264 letes
1449 1229 1487 1265 ὃ(
1503 1229 1645 1264 incon·

112 1287 252 1325 stantes
284 1281 539 1332 moribusque
564 1271 841 1332 incompositis
874 1281 1081 1326 homines,
1103 1284 1174 1331 qui
1199 1283 1285 1328 alijs
1313 1283 1425 1320 malo
1456 1283 1646 1334 exemplo

111 1341 214 1388 sunt,
229 1352 275 1382 ac
285 1341 333 1379 ad
352 1341 442 1379 vitia
454 1339 627 1383 trahunt,
651 1339 693 1376 in
706 1338 841 1376 aulam
854 1336 964 1387 suam
977 1338 1194 1382 admittere,
1214 1338 1386 1376 indicare
1400 1338 1504 1377 velit.

298 1449 795 1506 FORTITUDO
853 1449 1028 1502 EIUS
1085 1449 1462 1504 RHODUM

718 1545 1016 1582 TENurn

267 1637 439 1676 Societas
462 1636 785 1676 annunciationis
807 1635 932 1675 Beatae
944 1635 1118 1688 Virginis
1140 1635 1190 1674 ab
1214 1634 1401 1675 Amadeo
1418 1634 1562 1683 quinto
1576 1629 1647 1671 Sa·

121 1691 275 1731 baudiae
289 1695 400 1732 Duce
413 1693 581 1731 lnstltuta
596 1693 697 1738 fuit,
718 1693 836 1730 huius
867 1690 1060 1731 societatis
1081 1693 1393 1742 Hieroglyptom
1409 1700 1569 1737 torques
1596 1700 1645 1727 ex

115 1761 239 1787 aureo
262 1737 446 1791 funiculo
470 1748 530 1787 his
561 1750 690 1787 literis.
736 1749 773 1786 F
805 1749 850 1788 E.
885 1748 937 1785 R.
965 1747 1014 1785 T.
1050 1746 1214 1792 insertis,
1238 1748 1326 1790 fuit,
1359 1747 1504 1795 quibus
1533 1745 1646 1794 Sym·

115 1805 256 1844 bolum
280 1805 521 1856 exprimitur.
578 1805 783 1843 Fortitudo
803 1806 885 1852 eius
909 1802 1107 1842 Rhodum
1128 1804 1264 1841 tenuit.
1322 1801 1502 1840 Refertur
1513 1811 1648 1838 autem

116 1861 357 1910 Symbolum
382 1861 431 1899 ad
453 1860 683 1908 Amadeum
707 1861 879 1910 primum
891 1858 1048 1898 Ducem
1062 1859 1349 1908 Sabaudiae,qu1
1363 1867 1517 1906 aequites
1530 1856 1649 1893 Rho·

113 1916 261 1954 dienses
295 1915 317 1954 a
339 1916 570 1967 Tyrannide
599 1914 824 1953 infidelium
853 1916 1043 1954 liberavit.
1115 1915 1322 1952 Amadcus
1346 1915 1522 1964 Qintus
1552 1922 1647 1949 cum

115 1973 336 2011 societatem
360 1972 583 2014 institueret,
601 1970 867 2021 elegitgsocios
889 1969 1205 2019 quatuordecim,
1218 1972 1431 2020 praecipuos
1453 1967 1545 2006 suos
1569 1978 1648 2004 no·

114 2029 222 2066 biles.
293 2028 528 2066 Amaedeum
550 2027 756 2065 Comitem
778 2024 1066 2070 Genevensem,
1092 2025 1324 2073 Antonium
1344 2025 1575 2061 Dominum
1597 2022 1649 2060 de

115 2084 319 2127 Geauzeu,
353 2084 570 2134 Hugonem
590 2083 638 2120 de
657 2082 851 2126 Challon,
872 2081 1087 2120 dominum
1100 2081 1148 2118 de
1170 2081 1310 2131 Arley,
1346 2079 1575 2119 Amadeum
1597 2078 1649 2115 de

115 2140 301 2182 Geneva,
340 2139 539 2177 Ioannem
553 2136 842 2181 Viennensem,
876 2136 1118 2185 Amiralium
1146 2137 1334 2179 Franciae,
1385 2134 1647 2173 Gvillelmum

114 2195 164 2232 de
197 2194 412 2238 Granzon,
461 2194 722 2232 Gvillelmum
750 2193 798 2231 de
821 2192 1022 2232 Calamon
1039 2219 1049 2235 ,
1108 2192 1376 2229 Ronlandum
1404 2191 1453 2230 de
1476 2187 1644 2239 Veyss‘y,

114 2250 361 2299 Stephanum
384 2249 536 2288 Eastard
558 2250 606 2287 de
630 2250 876 2293 Lassbaume,
913 2247 1133 2296 Gasparum
1155 2247 1203 2284 de
1226 2248 1422 2290 Moneur,
1461 2246 1648 2283 Barleum

115 2306 164 2342 de
187 2307 317 2349 Foras,
349 2305 624 2343 Themardum
645 2304 694 2342 de
720 2304 944 2347 Mcnchon,
967 2304 1196 2340 Amadeum
1209 2302 1398 2340 Bornard‚
1422 2300 1647 2339 acRichar-

115 2361 211 2399 dum
229 2360 386 2398 Musard
400 2360 579 2411 Anglum
594 2389 605 2405 ,
629 2359 998 2410 QotumJsingulis
1017 2369 1201 2407 torquem
1228 2369 1393 2396 aureum
1415 2357 1534 2395 literis
1557 2367 1647 2407 prae-

112 2417 228 2455 distis
247 2416 407 2461 insertis,
420 2418 461 2455 in
475 2417 712 2465 memoriam
726 2416 841 2465 primi
856 2415 976 2452 Ducis
988 2443 999 2459 ,
1012 2414 1127 2452 dono
1140 2413 1255 2452 dedit.

543 2527 958 2581 DUCTORE
1010 2526 1193 2577 DEO.

268 2635 472 2675 Amadeus
495 2636 561 2673 iste
584 2635 786 2682 Sabaudiae
799 2635 904 2678 Dux,
924 2633 960 2671 se
983 2633 1032 2672 ad
1050 2632 1335 2671 Pontificatum
1368 2631 1449 2669 DE
1462 2630 1502 2668 O
1536 2628 1574 2666 D
1589 2625 1648 2664 V-

116 2692 152 2730 C
164 2694 199 2731 T
212 2692 250 2730 O
264 2694 301 2730 R
313 2693 342 2730 E
377 2689 583 2741 pervenisse
596 2691 793 2729 ostendere
808 2690 948 2729 voluit.
965 2690 1270 2737 Bacul·0,cnim‚q
1278 2701 1332 2726 uo
1345 2687 1470 2726 solent
1484 2685 1648 2737 peregri-

116 2758 255 2786 nantes
269 2749 337 2792 uti‚
352 2746 507 2785 cursum
519 2748 604 2785 vitae
618 2745 704 2789 suae,
719 2757 806 2795 quae
818 2745 915 2782 nihil
932 2745 1051 2788 aliud,
1069 2742 1192 2792 quam
1206 2756 1296 2782 vera
1310 2744 1362 2782 est
1376 2742 1647 2794 peregrinatio,

112 2804 370 2842 demonstrat,
424 2801 620 2841 Baculum
632 2800 787 2840 sustinet
800 2812 943 2838 manus
955 2799 976 2838 ὲ
990 2800 1162 2839 nubibus
1173 2795 1511 2849 porrestamempe
1524 2796 1648 2838 Deus,

867 2856 906 2893 D
963 2869 987 2894 2
1496 2851 1565 2901 qui
1583 2850 1653 2901 pei
