1877 3277
221 267 249 306 α
278 259 325 309 8.

228 273 331 364 (11105
342 323 545 363 consistere
559 321 693 373 potest,
714 318 824 371 quod
839 324 1009 360 amantis
1030 334 1101 360 cor
1123 332 1252 370 neque
1265 320 1406 365 dividi,
1433 330 1563 369 neque
1576 319 1756 370 pluribus

203 390 207 394 ⁴
229 381 290 419 sed
305 382 374 419 uni
386 380 458 419 soli
469 380 623 417 tantum
635 380 830 428 integrum
842 378 924 416 dari
937 378 1069 428 possit.

451 461 938 518 CONFICERE
992 466 1129 518 EST
1179 465 1523 522 ANIMU&

380 562 486 614 Qid
501 561 585 598 face
597 560 743 598 ardenti
757 558 959 604 indicetur,
971 557 1127 598 difficile
1141 560 1191 597 est
1214 559 1409 605 conjectu,
1426 557 1528 597 forte
1549 559 1675 610 Mysta
1692 559 1767 598 ho-

229 625 324 663 stem
336 621 508 667 aliquem
520 616 658 654 habuit
672 615 828 653 summo
852 616 945 653 loco
965 616 1235 659 constitutum,
1250 613 1427 664 facisqtte
1448 616 1614 654 ardentis
1635 616 1766 660 instar,

226 676 416 718 omnibus
428 673 588 723 publico
601 672 738 720 aliquo
750 683 912 708 munere
922 670 1191 719 conspicuum:
1206 672 1433 718 qucm,quia
1450 672 1543 709 loco
1555 672 1767 721 indignum

226 733 389 785 putavit,
401 732 439 768 δι’
452 728 503 766 ob
518 729 663 777 privata
676 727 781 770 odia,
801 728 919 764 etiam
942 727 1093 764 deloco
1117 727 1279 773 deiicere
1293 754 1302 769 ‚
1320 729 1355 763 ὃ(
1370 727 1486 774 plane
1510 727 1708 765 conficere
1721 726 1767 764 si-

227 790 267 829 bi
282 785 497 839 proposuit,
512 795 596 821 non
614 782 715 820 secus
727 794 770 820 ac
782 783 933 832 gladius
948 780 1014 819 hic
1027 782 1153 819 facem
1166 791 1368 830 amputare
1381 783 1478 820 velle
1497 783 1658 820 videtur.
1694 783 1768 821 Sed

226 838 253 886 fi
267 842 366 883 forte
379 842 588 891 indignum
601 839 792 882 videatur,
809 839 914 875 hunc
940 839 1156 886 Principem
1172 849 1309 886 parum
1333 837 1600 875 Christianum
1624 839 1769 877 habere

208 897 483 952 >Propositum,
498 897 635 945 poterit
650 894 937 943 Hieroglypton
952 893 1218 931 commodius,
1239 894 1285 929 de
1300 893 1464 941 publicis
1487 897 1524 931 ὃ(
1539 906 1623 932 non
1647 896 1768 943 priva-

228 959 277 995 tis
292 954 467 1000 hostibus
485 952 662 1001 intelligi,
676 962 781 1000 quos
798 951 888 998 igne
909 951 946 986 δε
970 949 1105 999 gladio
1137 948 1170 984 C
1185 949 1222 984 Ο
1239 950 1274 985 N
1294 949 1317 984 F
1333 950 1347 985 1
1365 949 1398 985 C
1413 951 1439 986 E
1458 951 1493 986 R
1509 952 1537 986 E
1568 950 1625 988 illi
1653 951 1679 987 E
1693 951 1716 988 S
1731 950 1769 995 T

230 1013 269 1052 A
280 1013 317 1050 N
333 1013 348 1049 I
364 1007 408 1048 M
420 1009 458 1047 V
470 1008 506 1045 S.
562 1008 656 1045 Face
669 1007 789 1048 enim,
805 1005 841 1041 id
855 1004 919 1046 cst,
934 1005 1036 1054 Igne,
1060 1016 1103 1041 ac
1114 1004 1248 1054 gladio
1263 1003 1390 1041 hostes
1405 1014 1604 1049 terrentur,
1618 1007 1656 1043 ὃ(
1669 1017 1770 1043 con-

228 1067 426 1111 ficiuntur.
442 1064 643 1113 Qicunqs
655 1062 806 1098 bonam
816 1061 971 1110 gerendi
985 1060 1075 1096 belli
1087 1059 1243 1096 causam
1258 1059 1424 1104 habenis
1441 1062 1647 1110 prudenter
1660 1062 1768 1106 facit,
1794 1107 1795 1110 Ἴ

228 1124 255 1163 si
270 1122 397 1161 hostes
409 1120 542 1171 gladio
562 1130 607 1156 ac
629 1117 734 1154 ferro
746 1116 955 1158 adoriatur,
969 1114 1194 1164 insequatur
1207 1144 1216 1158 ,
1243 1117 1279 1152 ὃ(
1296 1115 1495 1153 conficiat.
1554 1118 1635 1169 Q
1657 1119 1766 1155 euim

227 1179 348 1230 parcit
361 1175 550 1217 hostibus,
566 1184 610 1210 ac
632 1184 716 1210 non
730 1171 815 1209 satis
830 1169 950 1208 severe
962 1171 1108 1207 bellum
1128 1172 1234 1219 gerit,
1245 1183 1289 1208 ac
1300 1170 1389 1208 cum
1404 1171 1643 1210 conficiendi
1655 1174 1770 1211 datur

207 1233 395 1276 occasio,
408 1242 492 1269 non
503 1228 676 1270 conficit,
691 1228 753 1265 ille
765 1226 964 1275 serpenten
977 1227 1043 1263 alit
1056 1227 1094 1263 in
1108 1226 1213 1263 finu:
1235 1229 1302 1275 qui
1315 1226 1515 1276 resumptis
1530 1229 1768 1269 viribusmo-

228 1291 271 1337 sti
283 1288 353 1326 suo
366 1300 449 1325 non
466 1293 606 1336 parcet,
622 1284 682 1320 sed
702 1283 893 1320 crudelius
910 1292 1112 1331 acceptum
1127 1283 1292 1319 dedecus
1313 1285 1351 1319 <Sc
1366 1283 1514 1321 cladem
1529 1285 1766 1330 vindicabit,

206 1341 208 1343 ’
230 1357 275 1384 ac
290 1343 486 1394 rependet.
541 1339 685 1379 ldteste
712 1339 828 1378 Livio
843 1365 853 1381 ‚
880 1338 1032 1374 Sabinis
1052 1340 1230 1387 contigit.
1289 1338 1395 1376 Cum
1418 1340 1525 1377 enim
1548 1341 1768 1379 Romanos
1817 1342 1820 1344 ’

204 1396 207 1398 ’
228 1401 417 1441 exercitus
427 1398 528 1435 duos
540 1395 762 1433 consulares
776 1396 816 1431 in
836 1393 1007 1430 furculas
1023 1393 1224 1431 Caudinas
1243 1393 1460 1438 traxissent,
1483 1393 1647 1445 jamdue
1668 1396 1767 1435 salti-

226 1458 300 1497 bus
314 1450 577 1505 augustijsdue
600 1451 783 1488 locorum
808 1449 1009 1497 occupatis
1023 1477 1032 1493 ,
1055 1451 1253 1486 Romanis
1267 1461 1396 1498 neque
1418 1449 1618 1500 fugiendi,
1639 1465 1768 1500 neque

208 1510 212 1515 ’
229 1510 432 1564 pugnandi
446 1510 597 1554 daretur
611 1507 735 1550 locus,
755 1507 793 1543 &
807 1505 897 1543 victi
911 1516 1051 1542 omnes
1065 1505 1184 1542 deleri
1198 1504 1342 1553 absque
1356 1507 1489 1555 gladio
1502 1505 1663 1555 possent.
1698 1510 1768 1547 Sa„

228 1570 330 1607 binis
344 1568 382 1603 in
397 1576 477 1602 tam
492 1565 583 1601 laetis
598 1562 710 1600 rebus
724 1573 808 1599 non
824 1559 1051 1610 suppetabat
1072 1560 1295 1605 confilium,
1321 1573 1365 1598 ac
1377 1573 1467 1610 neq3
1480 1563 1670 1601 dimittere
1682 1566 1770 1610 RQ-

227 1634 373 1663 manos
386 1622 543 1663 liberos,
560 1630 688 1666 neque
709 1618 861 1667 penitus
883 1615 1049 1665 perdere,
1064 1617 1271 1654 volebant3
1296 1616 1356 1654 sed
1368 1618 1523 1655 tantum
1544 1610 1767 1671 subjugum

226 1676 466 1727 miff05‚cun1
480 1674 701 1726 ignominia
715 1673 883 1710 domurn
895 1672 1113 1709 mittebant.
1172 1673 1632 1723 Qumobremdomum
1643 1688 1769 1717 rever-
1796 1681 1799 1685 ’

227 1735 255 1774 si
272 1733 467 1775 Romani,
480 1729 677 1778 resumpto
692 1730 731 1765 in
745 1727 914 1765 Sabinos
929 1727 1047 1773 bello,
1064 1739 1132 1765 eos
1153 1727 1188 1773 (ὲ
1202 1729 1346 1776 quibus
1358 1728 1473 1765 deleri
1493 1742 1634 1768 omnes
1655 1741 1766 1781 pote-

203 1785 206 1787 *
226 1791 330 1838 rant)
344 1786 602 1825 debellarunt.
617 1783 764 1832 sibiqioe
776 1782 1040 1829 subjecerunt3
1063 1785 1114 1821 ita
1129 1793 1170 1820 ut
1183 1783 1315 1820 Sabini
1328 1785 1482 1822 meritas
1496 1787 1767 1835 imprudentiae

227 1857 368 1897 poenas
381 1842 565 1880 dederint:
590 1840 739 1877 Moniti
752 1839 857 1875 enim
869 1848 975 1875 erant
995 1839 1112 1887 prius,
1129 1849 1170 1875 ut
1183 1839 1242 1876 vel
1264 1840 1404 1876 liberos
1425 1840 1662 1881 dimitterent
1683 1845 1769 1889 Ro.

204 1902 208 1905 ’
227 1912 386 1942 manos,
400 1895 552 1946 hacdue
566 1894 836 1934 benevolentia
850 1903 1072 1942 perpetuam
1085 1896 1299 1932 amicitiam
1312 1895 1536 1942 stabilirent,
1551 1899 1609 1936 vel
1623 1911 1765 1941 omnes

263 1954 517 1996 conficerent,
530 1948 638 1999 quod
655 1951 753 1986 intra
768 1959 926 1986 centum
940 1961 1068 1987 annos
1080 1951 1141 1987 vix
1156 1951 1190 1986 se
1206 1953 1341 1987 iterum
1353 1951 1545 1989 restituere
1562 1953 1722 2002 poss'enss

300 2008 303 2010 ’
389 2007 537 2056 Vetilm
553 2007 688 2043 Sabini
701 2006 780 2042 alio
795 2003 963 2042 consilio
976 2004 1244 2055 ignominiose
1261 2008 1472 2045 Romanos
1485 2009 1599 2053 dimi-

549 2061 689 2115 serunt,
704 2072 786 2108 quo
801 2071 927 2107 neque
947 2062 1097 2098 amicos
1119 2061 1304 2105 fecerunt,
1330 2073 1460 2111 neque

600 2118 783 2170 inimicos
796 2114 1035 2153 sustulerunt.
1053 2117 1277 2154 Prudentius
1291 2119 1382 2168 itaqs

742 2171 795 2210 cst
827 2170 1023 2209 conficere
1051 2172 1216 2210 hostem.

919 2306 1002 2365 &a

1862 171 1877 361 1
