1877 3277
369 298 558 358 FIDE
630 297 730 359 ET
788 289 1259 349 PATIENTIA*
1500 238 1597 297 '7¹‘

196 396 479 442 fidelissimum
494 396 654 435 homini
664 398 814 436 animal
826 400 935 437 canis
948 398 1023 439 ests
1038 398 1132 449 saepe
1145 396 1321 437 adversus
1333 396 1507 435 latrones
1521 408 1596 446 pro

43 454 218 492 domino
234 452 432 504 pugnasse,
455 455 493 490 δε
505 454 547 490 in
562 453 694 504 Epyro
707 455 902 505 agnitum,
918 456 959 492 in
972 466 1175 493 conventu
1191 453 1448 505 percussorem
1463 454 1600 490 domi·

42 511 84 546 ni
103 509 259 554 latratu,
276 512 315 556 δι]
330 509 480 548 laniatu
494 508 682 548 accusasse
695 538 706 554 ,
731 520 773 550 ur
793 509 913 556 scelus
926 511 1039 549 fateri
1051 511 1211 549 coastus
1226 510 1354 554 fuerit,
1369 508 1538 549 constat.

43 564 336 604 Garamantum
350 576 478 614 regem
491 576 609 607 canes
621 565 779 609 ducenti
803 566 853 604 ab
865 567 986 604 exilio
1005 568 1204 611 reduxere,
1219 566 1376 615 praeliati
1389 573 1525 603 contra
1537 574 1596 601 re-

44 618 224 660 sistentes·
284 619 567 663 Canis‚[as0ne
581 621 941 671 Lyciointerfee‘to,
965 623 1101 661 cibum
1114 632 1250 671 capere
1262 621 1407 665 uoluit,
1421 618 1596 669 inediae&

43 675 304 725 consumptus
317 676 380 720 est,
400 674 461 713 sed
476 675 585 725 super
598 678 736 715 omnia
751 677 845 715 aecis
863 678 1003 727 populi
1027 679 1210 721 Romani
1229 677 1406 715 testatum
1423 689 1431 711 :
1455 675 1597 724 Appio

43 732 180 776 Iunio,
194 734 233 770 &
248 733 284 770 P.
302 733 400 770 Silio
413 730 519 771 Coff.
534 731 627 769 cum
640 733 1016 771 animadverteretur
1027 746 1072 771 ex
1087 732 1201 771 causa
1216 733 1391 770 Neronis
1403 731 1598 769 Gemani-

41 788 77 825 ci
99 786 181 833 filij,
197 791 239 825 in
260 788 310 825 T.
326 788 533 831 Sabinum,
549 799 690 833 canem
715 789 821 826 illius
844 800 918 826 nec
933 788 956 826 a
977 801 1127 834 carcere
1151 789 1257 839 abigi
1282 786 1460 837 potuisse,
1487 785 1598 824 neca

41 854 209 892 corpore
229 844 424 887 recessisse,
438 843 600 886 moestos
614 845 794 882 edentem
809 844 996 891 ululatus,
1008 857 1156 895 magna
1171 844 1309 894 populi
1322 844 1504 881 Romani
1526 854 1577 880 co
1588 861 1600 872 =

42 910 142 937 rona
153 899 448 948 circumstante,
471 911 518 936 ex
542 911 621 949 qua
643 900 733 938 cum
753 901 917 949 quidam
937 902 973 939 ei
990 903 1127 939 cibum
1149 898 1368 949 objecisset,
1392 899 1441 936 ad
1463 911 1508 936 os
1527 900 1596 936 de-

43 954 172 994 functi
194 954 331 993 tuliss'e.
388 955 702 994 Innatavitidem
725 956 910 995 cadavere
923 958 963 995 in
976 957 1167 1008 Tyberim
1180 955 1335 1003 abjecto
1358 983 1369 1000 ,
1391 954 1599 992 sustentare

40 1021 223 1056 conatus,
238 1009 357 1049 effusa
371 1012 624 1049 multitudine
649 1011 697 1051 ad
718 1011 973 1063 spectandum
991 1012 1176 1051 animalis
1189 1011 1309 1050 fidem
1323 1021 1596 1048 concurrente.

39 1068 229 1105 Patientia
244 1069 355 1106 canis
380 1079 466 1105 non
488 1066 621 1105 minus
635 1068 938 1116 praecedentibus
964 1070 1170 1117 exemplis,
1185 1067 1285 1105 dum
1307 1067 1481 1109 inediam
1501 1067 1599 1116 vigi-

43 1123 179 1167 lando,
194 1135 238 1162 ac
249 1123 436 1163 excubias
449 1123 497 1161 ad
512 1124 668 1161 domini
686 1135 829 1172 corpus
851 1125 1023 1173 agendo,
1041 1124 1217 1173 pertulit:
1239 1121 1362 1173 quam
1388 1122 1599 1172 Hietogly-

41 1188 111 1228 pto
133 1178 219 1229 ipso,
240 1177 512 1217 confirmatur:
567 1179 696 1216 Indies
721 1180 830 1217 enim
861 1178 1037 1221 cathenis
1067 1180 1271 1230 alligatus,
1297 1177 1518 1222 servitutem
1545 1179 1600 1214 ita

41 1235 316 1283 aequo'animo
339 1234 424 1278 fert,
449 1244 491 1271 ut
514 1244 713 1283 propterea
736 1234 835 1272 nihil
868 1234 915 1272 de
937 1233 1014 1272 fide
1036 1235 1152 1284 ipsius
1184 1234 1359 1273 decedat.
1416 1234 1498 1274 Vbi
1523 1234 1597 1270 eti-

41 1302 108 1328 am
121 1289 302 1329 adversus
313 1291 529 1328 dominum
551 1290 647 1338 quid
665 1290 891 1338 deliquerit,
911 1289 1210 1340 castigationem
1228 1293 1267 1329 δε
1281 1290 1437 1329 verbera
1450 1289 1502 1329 ita
1525 1288 1601 1326 fert

39 1347 250 1395 patienter,
273 1356 315 1383 ut
334 1347 636 1394 quamprimum
649 1346 863 1383 dominum
874 1346 1146 1385 blandientem
1162 1346 1382 1396 perceperit,
1396 1345 1524 1383 statim
1536 1345 1600 1381 in-

37 1402 144 1448 juriae
170 1412 333 1452 acceptae
358 1404 592 1446 immemor,
618 1403 738 1446 etiam
767 1402 1056 1439 adblandiatur.
1111 1403 1261 1441 Nostro
1288 1413 1374 1440 aevo
1395 1399 1602 1450 contigisse

37 1467 229 1502 narratur,
242 1457 439 1503 crudelem
451 1457 680 1500 dominum,
705 1467 748 1494 ut
757 1458 865 1496 canis
881 1455 936 1493 sui
949 1456 1038 1501 inse
1050 1455 1292 1500 fidelitatem,
1309 1458 1348 1495 &
1368 1457 1601 1506 patientiam

39 1513 275 1559 ostenderet,
295 1513 344 1552 ad
358 1511 393 1550 se
406 1522 607 1556 vocatum,
629 1513 769 1563 gladio.
781 1513 897 1563 pedes
907 1524 1051 1550 omnes
1071 1512 1360 1564 amputaffeQac
1370 1521 1599 1562 gementem

38 1572 289 1616 &jacentem
309 1580 462 1615 canem,
490 1569 647 1616 abjesto
657 1570 791 1620 gladio
806 1569 856 1607 ad
878 1567 915 1606 se
938 1568 1110 1614 vocasse,
1134 1571 1204 1618 qui
1234 1569 1283 1607 ad
1304 1568 1522 1606 dominum
1542 1578 1600 1604 re-

38 1637 161 1675 pens,
195 1625 323 1663 cauda
346 1624 404 1662 illi
427 1624 678 1663 adblanditus
701 1624 835 1672 fuisse,
857 1634 1024 1674 accepta:
1044 1624 1165 1663 cladis
1188 1627 1425 1666 immemor,
1453 1634 1602 1672 magna.

38 1681 279 1719 adstantium
292 1680 694 1725 commiseratione&
705 1682 744 1719 in
759 1680 948 1720 facinoris
961 1680 1088 1719 autho
1111 1692 1176 1719 em
1191 1680 1457 1725 odimdiciiut.
1474 1679 1484 1689 '
1496 1679 1602 1723 {ujus

39 1738 224 1775 animalis
238 1737 437 1786 exemplo,
450 1737 515 1784 hie
536 1738 716 1787 Princeps
740 1738 794 1785 EI
809 1737 846 1774 D
863 1738 941 1775 Em
974 1737 1002 1774 E
1016 1737 1053 1774 T
1084 1738 1112 1775 P
1124 1737 1162 1775 A
1176 1737 1241 1775 TI
1260 1738 1287 1774 E
1300 1737 1339 1774 N
1350 1735 1416 1772 TI
1434 1732 1517 1772 Am
1530 1734 1601 1772 sibi

37 1794 268 1836 colendam,
281 1791 382 1832 reste
402 1795 443 1841 ὃς
467 1793 674 1843 prudenter
685 1794 890 1843 proponit3
912 1793 980 1830 illa
995 1794 1102 1831 enim
1120 1793 1328 1831 vinculum
1349 1789 1414 1835 est,
1435 1802 1520 1839 quo
1529 1791 1600 1827 rei-

39 1850 203 1900 publicae
219 1849 336 1887 status
357 1849 665 1893 connectitun&
679 1848 954 1887 conservatur:
975 1849 1056 1887 haec
1065 1849 1224 1892 modus,
1244 1850 1282 1886 &
1296 1848 1396 1885 ratio
1410 1873 1420 1890 ‚
1446 1858 1525 1894 qua
1539 1847 1603 1882 in-

37 1905 258 1943 commoda
279 1904 471 1951 feruntur,
484 1906 613 1952 donee
627 1905 781 1952 occasio
795 1932 806 1950 ,
830 1907 869 1944 ὃ(
889 1906 1168 1956 opportunitas
1189 1906 1243 1943 rei
1256 1905 1373 1950 bene,
1387 1904 1426 1941 ὅ(
1437 1899 1525 1940 tuto
1537 1912 1600 1952 ge-

36 1962 165 2000 rendae
186 1960 261 1999 sese
281 1959 429 2000 offerat.
470 1958 473 1960 ’

422 2049 725 2123 ..τοᾳὶτο
768 2049 873 2134 ‘ET
922 2049 1212 2106 ΡΟΚΖΑ,

464 2125 955 2259 INJuRIXdiss'T
1013 2181 1184 2234 Vls.

192 2280 431 2332 Symbolum
455 2280 553 2321 istud
573 2278 771 2318 Italicum,
787 2289 871 2314 non
896 2273 984 2325 apte
1005 2273 1149 2314 Latine
1176 2276 1230 2319 ita,
1255 2272 1363 2311 reddi
1385 2269 1531 2322 potest,
1556 2278 1601 2308 ut

39 2338 252 2387 duplicem,
277 2336 625 2386 quemadmodum
646 2330 781 2372 Italice
794 2331 947 2370 sensum
962 2331 1118 2370 habeat.
1175 2331 1307 2368 Torto
1333 2326 1466 2367 Italice
1488 2326 1604 2376 figni-

40 2393 133 2432 ficat
147 2406 328 2437 curvum,
347 2396 386 2431 ὅ(
409 2391 622 2439 iniustum,
650 2398 901 2433 curvaturam
925 2387 1093 2426 ostendit
1105 2386 1237 2430 funis,
1263 2396 1309 2423 ac
1319 2386 1414 2429 vim,
1438 2395 1523 2431 quae
1537 2382 1603 2419 fu-

38 2462 89 2488 ne
116 2449 199 2487 fieri
218 2449 363 2499 potest:
393 2460 479 2485 non
500 2457 635 2485 tamen
654 2454 909 2492 curvaturam
931 2442 1139 2493 significari
1163 2442 1248 2480 vult
1261 2439 1476 2491 Mysta,sed
1496 2440 1604 2485 inju-

100 2505 282 2549 stum,vel
296 2500 617 2551 injuriam‚quod
641 2502 744 2539 idem
757 2499 1002 2545 vocabulum
1023 2508 1129 2536 torto
1144 2496 1334 2548 fignificat
1347 2524 1357 2541 ,
1373 2506 1415 2534 ut
1439 2495 1546 2534 vide-

167 2561 256 2600 licet
269 2561 366 2599 fune
380 2559 445 2596 seu
455 2559 623 2597 vinculis
648 2557 833 2601 ostendat>
847 2555 981 2592 multis
997 2555 1182 2602 injuriam
1197 2555 1236 2590 ὅ(
1249 2554 1330 2590 vim
1351 2551 1459 2591 fieris

319 2615 444 2667 quam
457 2616 551 2665 quia
565 2612 737 2651 fortassis
749 2611 826 2660 ipse
840 2612 1035 2648 innocens
1050 2609 1241 2659 perpeffus
1257 2608 1320 2647 est:

495 2667 791 2721 Hierographia
826 2666 901 2704 hac
932 2665 1145 2714 posteritati

675 2733 815 2762 notam
850 2721 988 2761 voluit.

731 2779 767 2815 Ἁ-
789 2798 826 2833 χ,
851 2778 887 2814 ³(-

747 2912 875 2984 (ξε,
