1877 3277
729 300 1321 406 ΦῩΣΑ.

805 443 1216 553 FLffssus

406 600 574 642 Videtur
600 598 666 639 hic
693 600 983 652 Hierographiae
1002 601 1147 640 author
1168 611 1337 651 quatuor
1359 599 1550 639 elementa
1582 601 1783 641 exhibere:
1809 594 1811 597 ’

251 659 423 708 Corona
433 658 649 706 enim‚quia
664 656 804 700 herbis,
818 659 856 698 ὅς
870 657 1031 696 floribus
1044 658 1364 702 constantem-im,
1375 668 1460 704 quae
1470 658 1629 699 illorum
1645 670 1782 708 parens
1824 658 1827 702 Ῐ

252 716 459 761 est‚notat.
501 714 629 762 Aquae
645 712 768 763 figura
793 711 880 755 satis
903 724 1070 763 apparet.
1113 714 1206 757 Aer,
1231 713 1394 763 spitum,
1417 723 1486 750 aut
1509 723 1668 753 ventus:
1689 716 1784 763 quia

253 782 383 820 neque
395 771 512 815 cerni,
526 780 655 818 neque
665 769 821 819 depingi
835 769 971 818 potest,
986 770 1117 809 Graeca
1136 770 1310 807 distione
1323 764 1423 812 φῧσα,
1445 769 1483 805 id
1496 770 1559 813 est,
1574 769 1687 809 flatus
1701 798 1711 813 ,
1736 770 1782 807 si-

249 825 475 878 gnificatur.
530 824 600 863 Sol
611 823 784 873 suprema
800 836 913 873 parre:
928 827 1019 873 quia
1032 825 1173 862 caloris
1186 826 1319 865 omnis
1335 825 1424 862 fons
1438 825 1501 868 cst,
1523 827 1657 875 ignem
1668 825 1782 865 illum

251 881 460 919 aethereum
470 890 556 917 non
569 878 672 917 male
683 879 867 930 designat.
922 881 995 917 Sed
1019 881 1114 928 quid
1128 880 1254 929 Mysta
1269 881 1358 917 velit
1376 891 1546 928 quatuor
1557 881 1756 918 elementis
1768 909 1780 926 ‚

248 935 454 975 difficulter
464 934 608 984 assequi
621 935 715 972 licet.
775 936 899 973 Seitur
912 937 1049 973 omnia
1059 946 1230 985 quatuor
1241 936 1438 973 elementis
1449 936 1633 974 constare:
1658 936 1782 974 Scitur

248 990 395 1041 absque
407 992 452 1038 ijs
466 990 699 1028 nihilvitam
711 990 854 1028 habere
866 989 980 1039 posse.
1039 992 1113 1029 Sed
1135 992 1229 1040 quid
1252 991 1346 1028 hinc
1370 989 1463 1028 sacri
1485 992 1616 1042 colligi
1631 992 1780 1041 potest?
1806 1018 1810 1022 -

245 1049 347 1088 Non
361 1046 736 1092 dubitandum‚quin
749 1046 912 1083 obscura
934 1047 1013 1084 haec
1032 1045 1320 1097 Hierographia
1338 1047 1487 1095 aliquid
1508 1049 1636 1085 maius
1655 1059 1726 1096 prae
1744 1047 1780 1085 se

248 1103 348 1141 ferat
359 1129 370 1147 ‚
382 1100 503 1153 quam
517 1102 639 1150 prima
651 1101 782 1138 fronte
794 1113 963 1151 apparet.
1011 1103 1100 1140 Hoc
1113 1101 1269 1152 nempe:
1282 1112 1323 1139 ut
1334 1102 1402 1139 Sol
1414 1103 1531 1141 nobis
1544 1103 1779 1152 conspicuus

246 1159 385 1197 omnia
402 1156 473 1194 suo
487 1166 602 1198 motu
614 1184 625 1199 ,
648 1157 733 1194 luce
744 1158 925 1206 &calore
938 1158 1041 1207 regit:
1060 1157 1219 1195 frondes
1232 1156 1447 1207 herbasque
1461 1161 1623 1200 virentes
1637 1159 1780 1207 produ-

244 1215 308 1257 cit,
321 1212 564 1262 tempestates
577 1212 747 1249 marinas
761 1240 772 1256 ,
792 1224 836 1250 ac
867 1211 1073 1251 ventorum
1102 1216 1272 1252 tormina
1295 1216 1333 1251 ὅ(
1348 1215 1546 1263 procellas,
1560 1215 1710 1252 lumine
1733 1224 1779 1253 ac

243 1267 441 1320 praesentia
462 1266 528 1305 sua
543 1268 782 1312 moderatur,
797 1268 1171 1319 compescitacrcgit.
1230 1272 1285 1308 Ita
1302 1270 1434 1308 Solem
1448 1271 1561 1308 illum
1582 1271 1779 1309 eoelestem

242 1324 375 1363 nostra
390 1324 527 1361 omnia
551 1324 709 1372 negotia
723 1324 770 1361 ad
784 1323 939 1362 bonum
958 1324 1078 1362 finem
1098 1325 1280 1375 dirigere,
1301 1338 1345 1363 ac
1358 1328 1470 1373 varijs
1490 1327 1778 1365 calamitatibus

241 1379 452 1430 oppressos,
478 1375 725 1429 fortunaeque
743 1380 905 1428 injuriis,
929 1392 974 1418 ac
995 1382 1173 1430 procellis
1187 1382 1366 1429 jaCtatos,
1383 1381 1648 1420 ineffabilisua
1660 1383 1776 1423 boni-

242 1446 319 1475 tate
331 1435 541 1473 sublevare.
999 1432 1001 1435 ’

605 1545 997 1596 PROBASTI
1056 1544 1413 1596 DOMINE.

393 1639 432 1679 A
445 1639 747 1679 FranciscoGon
755 1654 850 1693 zaga
871 1641 1070 1691 desumpta
1083 1642 1132 1681 est
1147 1641 1226 1679 haec
1239 1639 1540 1690 Hierograpliia,
1554 1638 1671 1688 quise
1684 1639 1774 1678 fide·

238 1698 318 1737 lem
338 1695 478 1735 Caesari
499 1695 622 1742 fuisse,
648 1708 692 1735 ac
705 1710 844 1736 omnes
858 1698 1099 1747 probationis
1118 1697 1379 1745 modos(auri
1395 1695 1535 1743 instar)
1549 1695 1771 1742 sustinuisse,

237 1753 466 1791 ostenderat:
498 1752 750 1802 Conspicitur
761 1756 865 1791 enim
882 1751 948 1791 liic
971 1753 1108 1791 furnus
1121 1754 1284 1804 ignitus,
1300 1751 1523 1800 acrigillum
1545 1753 1629 1788 auri
1648 1752 1772 1801 virgu-

233 1809 282 1848 lis
301 1809 350 1847 ad
364 1807 560 1846 fufionem
577 1809 750 1858 plenum,
764 1811 844 1860 igni
863 1809 1103 1859 impositum.
1158 1806 1266 1846 Forte
1279 1807 1342 1844 iste
1354 1808 1533 1855 Princeps
1547 1805 1613 1844 sea
1625 1805 1773 1844 Caesare

235 1864 371 1903 nostro
386 1860 609 1913 Rudolpho
622 1865 831 1913 probatum
843 1867 954 1912 varijs
975 1865 1119 1909 modis,
1145 1877 1189 1902 ac
1202 1863 1391 1901 sincerum
1406 1860 1612 1911 fidumque
1635 1863 1771 1900 inven-
1866 1874 1877 1918 γι

235 1929 335 1963 tum,
352 1914 526 1971 sibiipsi
509 1920 734 1959 gratulatur.
782 1921 899 1983 ΨΜ
915 1922 1021 1959 enim
1039 1921 1255 1969 principem
1270 1920 1394 1968 magis
1407 1919 1527 1960 decet,
1541 1917 1660 1965 quam
1674 1916 1769 1955 fides
1864 1924 1867 1960 Ι

234 1978 274 2014 &
288 1975 387 2012 boni
409 1974 564 2012 conscia
578 1987 702 2019 mens,
722 1977 863 2024 quietis
886 1976 1046 2024 laudisq·
1041 1988 1087 2013 ie
1100 1985 1143 2013 aet
1146 1987 1242 2013 ernae
1254 1986 1296 2011 ac
1309 1974 1541 2010 immortalis
1559 1973 1766 2022 pabulum?

234 2032 275 2069 Si
287 2030 427 2068 divinis
449 2022 637 2082 sacrisque
663 2032 969 2069 accommodare
991 2032 1228 2082 Symbolum
1253 2030 1441 2067 velimus:
1466 2029 1563 2066 nihil
1590 2027 1769 2077 profec‘io

230 2085 389 2138 gratius,
406 2085 628 2131 iucundius,
643 2087 834 2136 acceptius
845 2099 888 2124 ac
899 2085 988 2136 quo
986 2087 1007 2124 i
1020 2089 1142 2137 magis
1158 2086 1341 2124 solatium
1355 2087 1529 2133 praebeat,
1544 2083 1612 2120 effe
1627 2084 1766 2132 potest
1757 2105 1769 2123 ›

234 2154 371 2190 quam,
390 2139 627 2179 conscicntia
648 2143 761 2188 teste,
784 2142 942 2181 firmam
961 2143 1050 2181 Deo
1063 2141 1261 2193 praestitiffe
1283 2141 1399 2178 ctiam
1415 2142 1455 2176 in
1472 2141 1656 2177 maximis
1669 2143 1768 2188 peri-

231 2198 328 2236 culis
350 2195 497 2236 fidem.

471 2285 516 2353 A
576 2286 1185 2338 FUNDAMENTIS
1245 2285 1556 2337 EREXIT.

379 2382 417 2419 Si
444 2383 530 2430 quis
552 2382 656 2420 hanc
690 2381 855 2433 figuram
881 2384 1082 2433 diligenter
1102 2383 1364 2431 contemplari
1387 2382 1501 2424 velit,
1519 2381 1670 2417 nullam
1694 2377 1763 2415 esse

227 2437 558 2486 Hierograpliiam
577 2438 856 2489 deprehendet,
873 2438 931 2476 sed
950 2439 1104 2477 tantum
1126 2439 1318 2476 exsti-unx
1331 2439 1427 2474 arcis
1447 2436 1469 2474 ὲ
1491 2435 1763 2473 fundamentis

226 2489 480 2530 memoriam.
536 2493 792 2543 Qaecunquc
803 2503 933 2531 autem
956 2507 1021 2531 arx
1037 2494 1089 2537 sit,
1114 2491 1305 2543 1εςτίῑίιῃὲ,
1331 2495 1368 2530 &
1382 2505 1427 2529 ex
1442 2502 1522 2529 arte
1544 2489 1763 2528 construsta

227 2547 299 2585 effe
313 2558 490 2598 apparet:
522 2548 740 2598 Hexagona
761 2551 867 2586 enim
886 2549 961 2592 est,
985 2549 1126 2599 sexque
1149 2549 1453 2599 propugnaculis
1468 2546 1662 2588 instruCta,
1675 2557 1761 2593 quae

225 2604 278 2640 ita
291 2603 337 2640 acl
353 2604 476 2641 lineas
494 2601 651 2658 disponi
670 2603 806 2648 solent,
829 2615 870 2642 ut
883 2578 1075 2654 nusquam
1090 2605 1199 2649 foris,
1207 2616 1253 2641 ne
1268 2605 1335 2641 uni
1347 2604 1447 2641 hosti
1462 2602 1505 2639 sit
1521 2612 1625 2638 tutus
1637 2601 1759 2638 locus,

228 2659 357 2696 Facies
369 2660 486 2696 etiam
500 2655 950 2710 propugnaculorumita
963 2661 1052 2698 duci
1075 2661 1239 2704 debent,
1262 2658 1336 2696 uta
1350 2659 1484 2696 multis
1503 2658 1601 2694 locis
1624 2656 1740 2693 defen

192 2714 262 2750 di
276 2713 438 2762 possint,
453 2708 498 2751 :ic
519 2715 644 2752 axillae
665 2716 1067 2766 propugnaculorum,
1082 2727 1124 2753 ut
1146 2718 1210 2754 vix
1234 2715 1328 2752 foris
1350 2717 1388 2752 ὅ(
1409 2723 1566 2751 tantum
1577 2712 1622 2749 ad
1646 2712 1757 2749 faciei

168 2784 191 2813 a
222 2768 462 2817 superficiem
492 2769 664 2819 conspici
688 2771 859 2820 possint:
915 2773 999 2810 Hac
1019 2774 1126 2809 enim
1150 2772 1305 2809 ratione
1327 2771 1529 2812 ordinata,
1567 2766 1758 2804 tutissima

224 2823 340 2867 fiunt,
355 2836 401 2862 ac
425 2825 601 2863 hostibus
624 2827 856 2866 metuendas
880 2826 990 2875 quod
1013 2840 1096 2865 non
1122 2826 1188 2864 nisi
1211 2827 1390 2864 maximo
1428 2824 1602 2873 periculo
1630 2834 1760 2859 arcem

219 2890 448 2930 oppugnare
466 2880 631 2931 possint.
686 2882 808 2919 Arces
820 2882 873 2920 ob
886 2881 1201 2931 quatuorcausas
1213 2891 1461 2919 extruuntur:
1488 2877 1619 2916 Primo
1634 2878 1754 2920 utilli,

1593 2935 1640 2970 ad
1655 2944 1761 2982 quos
1802 2969 1810 2977 ,
1842 2970 1845 2979 ,
