1877 3277
176 234 260 283 30.

427 283 758 334 TRACTA
812 261 1065 332 MAGIS
1114 282 1488 339 EERHJNT.

340 374 557 414 obscurior
569 374 646 411 haec
659 374 805 411 videtur
825 373 1123 423 Hierographia‚
1145 373 1276 411 vei-iun
1300 374 1458 425 elegans
1478 373 1552 414 est3
1601 375 1712 413 Nam

183 434 317 484 figurae
328 430 612 480 explent‚quod
626 429 822 479 Symbolo
840 429 963 466 deest:
984 430 1037 466 air
1055 431 1162 466 enini
1174 430 1433 480 Symbolum:
1449 431 1569 468 tracta
1585 432 1712 480 magis

185 491 345 528 feriunt.
360 485 538 537 (supple,)
553 483 674 532 quam
685 484 822 534 frasta,
845 494 910 521 aut
933 484 1171 522 decidentia:
1195 485 1321 523 Arcus
1346 488 1455 524 enim
1475 486 1708 536 depingitur,

185 548 297 590 cujus
310 542 428 580 corda
440 545 508 578 aut
520 538 627 577 funis
643 540 800 583 fractus,
815 551 859 576 ac
874 538 1015 589 sagittae
1025 540 1164 583 fractae,
1182 543 1220 579 &
1244 541 1464 579 decidentes
1487 551 1686 591 apparent.

184 596 514 648 Hietogtaphiam
539 595 644 633 hanc
657 607 787 633 veram
810 594 880 632 ess'e
894 595 1058 643 quilibet
1087 596 1287 647 intelligit3
1319 596 1456 634 verum
1485 609 1570 646 quo
1582 596 1715 634 tendat

188 652 507 697 anthot,difficile
519 649 697 689 divinatu
708 651 780 690 est3
794 648 897 687 forte
908 650 1084 689 hostium
1096 653 1226 689 minas
1240 664 1326 690 non
1341 652 1464 698 ferire,
1479 662 1521 690 ut
1537 652 1718 703 gladium

188 721 257 751 aut
267 711 391 748 telum
403 704 593 756 intelligit.

485 763 543 812 N
540 781 589 824 on
585 762 755 825 ftmper
750 760 904 825 feriet,
914 762 1136 828 cuicunque
1148 760 1377 812 minabitur
1388 778 1502 810 anus.

342 835 548 883 Propterea
561 833 691 870 minas
706 829 883 880 leveffiue
896 833 1055 878 injurias
1076 833 1327 883 negligendas
1347 845 1392 870 ac
1402 832 1717 871 contemnendas

188 890 282 930 effe:
299 890 554 941 Magnienim
568 888 647 926 hoc
668 886 872 924 animieffe
892 888 1097 933 indicium,
1120 888 1246 937 siquis
1261 890 1310 927 ab
1335 889 1483 939 exiguis
1506 900 1591 926 non
1603 886 1720 926 facile

190 957 509 988 commoveatur,
523 943 683 981 sedtum
697 942 881 990 prunum,
897 942 987 980 cum
1004 943 1151 988 honor,
1173 955 1244 982 aut
1262 947 1338 984 vita
1362 943 1610 994 periclitatur,
1635 943 1718 982 hoc

194 1004 259 1046 est,
272 1014 364 1040 cum
376 998 460 1039 vere
479 999 623 1037 feritur.
677 999 803 1045 Hujus
823 1000 959 1042 animi,
975 999 1037 1035 leo
1058 1012 1131 1049 prce
1150 1002 1288 1040 caeteris
1301 998 1537 1051 generosum
1550 999 1717 1047 animal,

191 1058 421 1108 exemplum
433 1055 506 1094 est:
532 1054 772 1091 Vulneratus
785 1055 906 1097 enim,
922 1052 1192 1093 observatione
1206 1058 1303 1094 mira
1320 1053 1575 1105 percussorem
1590 1057 1717 1104 novit,

192 1117 232 1154 α
246 1115 287 1152 in
300 1111 547 1159 quantalibet
568 1108 819 1147 multitudine
831 1112 996 1158 appetit:
1021 1111 1120 1148 Eum
1141 1110 1232 1149 vero
1244 1113 1313 1159 qui
1332 1112 1453 1148 telum
1469 1111 1632 1160 quidem
1645 1111 1720 1147 mi-

192 1170 291 1213 serit,
303 1167 363 1208 sed
374 1179 508 1208 tamen
520 1178 605 1204 non
619 1165 842 1210 vulnerant,
857 1175 1081 1214 correptum
1103 1165 1357 1217 rotatumque
1376 1166 1518 1212 sternit,
1540 1177 1614 1204 nec
1635 1165 1719 1205 vui-

193 1235 318 1265 nerat.

559 1308 805 1360 IACTAE
866 1309 1344 1362 CRESCIMUS.

344 1403 511 1444 Exhibet
523 1402 586 1440 hic
600 1402 726 1451 Mysta
741 1401 955 1450 projectilcs
980 1401 1079 1438 ollas
1101 1399 1291 1439 artificiali
1313 1403 1401 1451 igne
1425 1402 1586 1451 repletas
1602 1403 1714 1446 duas,

193 1476 280 1514 quae
294 1464 333 1500 in
346 1460 557 1503 hostes,aut
571 1455 734 1496 obsessis
750 1458 860 1495 urbes
874 1456 922 1494 ad
937 1457 1118 1494 incendia
1132 1458 1334 1495 excitanda
1350 1459 1603 1506 proiiciuntur
1618 1473 1625 1494 :
1638 1460 1720 1500 Hae,

194 1522 289 1570 quia
302 1519 507 1556 flammam
519 1516 701 1564 &ignem
712 1514 931 1555 continent,
947 1524 989 1549 ac
999 1514 1028 1549 is
1043 1513 1165 1560 jaiius
1180 1522 1298 1549 vento
1310 1515 1488 1563 agitatus,
1503 1524 1570 1551 aut
1584 1516 1623 1551 in
1637 1526 1721 1551 ma-

193 1577 333 1616 teriam
353 1570 626 1612 cobustibilem
641 1569 829 1611 incidens,
854 1563 966 1605 facile:
979 1567 1169 1612 excrescit,
1185 1566 1282 1605 recte
1296 1569 1492 1619 Symbolo
1508 1570 1722 1618 adaptatur.

196 1634 294 1681 Qo
305 1629 448 1667 author
459 1623 759 1675 Hierographiae,
774 1624 873 1674 ignis
895 1622 1025 1666 instar,
1040 1622 1065 1659 fi
1086 1624 1197 1670 vatijs
1219 1624 1385 1668 fortunae
1406 1626 1580 1673 procellis
1600 1626 1722 1674 agite-

195 1698 270 1732 tur,
290 1695 356 1723 aut
370 1683 543 1731 jactetur,
556 1680 589 1718 se
604 1682 796 1725 majorem
813 1679 936 1715 indies
957 1679 1134 1724 fututum
1148 1678 1371 1717 arbitratur:
1389 1680 1505 1717 Viros
1521 1681 1626 1717 enim
1641 1679 1722 1717 for-

197 1753 254 1781 tes
269 1752 353 1778 non
367 1738 492 1784 deijcit
506 1736 666 1774 fortuna
681 1764 691 1779 ,
715 1734 774 1773 sed
796 1743 956 1777 exercet,
981 1744 1022 1771 ut
1045 1734 1111 1779 ubi
1132 1735 1290 1782 injurias
1313 1735 1500 1783 paulatim
1524 1735 1725 1779 remiserit,

195 1796 379 1838 crescant,
394 1805 438 1830 ac
461 1791 661 1829 malorum
689 1787 947 1840 perpessorum
969 1799 1186 1837 memoreS,
1211 1792 1353 1832 maiori
1372 1790 1497 1827 studio
1512 1793 1549 1828 ὃ(
1572 1800 1724 1828 conatu

200 1853 236 1892 se
250 1853 388 1890 animo
416 1846 525 1885 fuisse
546 1846 717 1884 infracto
732 1845 972 1888 ,ostendant‚
997 1842 1232 1893 nullamque
1252 1846 1516 1884 calamitatem
1538 1856 1724 1890 metuere,

198 1920 322 1960 quam
337 1916 421 1943 non
434 1903 527 1940 forti
547 1903 686 1939 animo
699 1901 810 1945 ferre,
826 1904 863 1939 ὃ(
885 1900 1061 1949 superate
1075 1899 1234 1950 possint.

467 1989 1058 2041 PRAESTANTIOR
1118 1989 1451 2039 ANIMUS.

353 2084 458 2131 Quia
473 2083 676 2130 proprium
689 2080 827 2128 aquilae
839 2080 890 2117 est
903 2080 1036 2117 Solem
1051 2079 1154 2129 posse
1176 2077 1341 2117 innoxie
1355 2078 1551 2129 inspicere,
1569 2089 1721 2128 propte·

200 2152 262 2179 rea
278 2139 408 2188 pullos
421 2138 630 2186 implumes
644 2136 801 2174 subinde
814 2137 916 2184 cogit
929 2137 941 2183 (
955 2146 995 2172 ut
1008 2135 1137 2182 inquit
1152 2133 1296 2172 Plinius
1312 2136 1323 2181 )
1340 2135 1441 2172 Solis
1451 2134 1583 2171 radios
1599 2136 1724 2171 intue-

200 2199 246 2239 ri,
260 2197 297 2233 δε
315 2194 339 2231 si
351 2194 619 2235 conniventes,
644 2190 931 2235 animadvertit,
947 2192 1152 2239 praecipitat
1174 2189 1194 2227 ὲ
1212 2191 1323 2234 nido,
1338 2191 1443 2228 velut
1471 2190 1724 2231 adulterinos,

204 2254 242 2289 &
259 2251 480 2299 degeneres,
539 2250 715 2286 intuetur
740 2247 801 2283 hic
812 2246 971 2294 quidem
996 2246 1131 2283 Solem
1154 2245 1305 2294 aquila:
1327 2246 1461 2284 verum
1488 2247 1556 2282 iter
1578 2245 1726 2282 sursum

201 2306 419 2343 institutum
433 2304 686 2352 relinquit‚ac
698 2301 875 2338 deorsum
890 2301 1025 2345 tendit,
1043 2313 1125 2338 non
1149 2302 1260 2349 quod
1283 2302 1384 2339 Solis
1406 2301 1536 2338 radios
1557 2313 1641 2338 non
1669 2300 1722 2336 fe-

202 2370 260 2399 rat
274 2359 387 2402 visus,
403 2358 463 2396 sed
473 2359 582 2406 quod
594 2359 764 2406 corporis
785 2359 895 2399 vires,
922 2366 963 2393 ut
985 2356 1119 2393 Solem
1144 2366 1259 2404 petat,
1276 2369 1359 2394 non
1386 2356 1589 2395 sufficiant.
1637 2356 1728 2392 Haec

204 2417 400 2465 eleganter
412 2416 537 2451 Heros
553 2414 617 2450 iste
629 2413 823 2463 Symbolo
838 2411 908 2449 suo
931 2413 1265 2449 accommodavit:
1293 2412 1503 2449 Ostendete
1528 2413 1636 2448 enim
1658 2423 1726 2447 vo·

205 2473 287 2512 luit,
317 2469 351 2507 sc
366 2469 553 2506 omnibus
573 2469 710 2511 animi,
726 2470 764 2505 ὅ(
784 2469 957 2516 corporis
971 2467 1125 2509 vitibus,
1150 2468 1197 2505 ad
1212 2480 1267 2504 res
1287 2479 1464 2517 magnas,
1483 2468 1521 2504 &
1543 2466 1727 2504 sublimes

204 2527 375 2564 tendere:
400 2524 532 2560 verum
549 2524 596 2561 ad
618 2522 853 2572 propositam
877 2533 1021 2560 metam
1044 2525 1081 2559 ὅ(
1095 2522 1257 2571 scopum
1279 2524 1473 2571 pervenire
1492 2534 1576 2560 uon
1602 2521 1726 2571 posse,

205 2583 383 2630 corporis
397 2592 481 2616 non
497 2580 620 2615 animi
633 2579 921 2626 defec‘ttnqucm
936 2578 1234 2626 praestantiotem
1254 2578 1533 2616 &indefessum
1547 2576 1721 2615 animad-

206 2639 327 2674 vertit.
385 2638 420 2674 Is
434 2634 498 2672 etsi
511 2633 654 2682 absque
667 2646 829 2683 corpore
841 2634 941 2670 nihil
954 2633 1138 2682 praestare,
1153 2646 1196 2671 ac
1209 2645 1349 2683 corpus
1362 2633 1411 2671 ad
1430 2643 1572 2671 nutum
1599 2642 1728 2682 regere

209 2705 293 2730 non
309 2691 437 2742 possit,
457 2700 588 2727 tamen
602 2688 761 2726 subinde
781 2693 862 2733 ejus
876 2691 970 2726 vires
982 2699 1109 2738 auget.

421 2745 592 2794 Omnia
612 2744 818 2808 deficiunt,
831 2746 1001 2792 animm
1013 2758 1158 2792 tamen
1168 2745 1311 2791 omnia
1323 2744 1456 2790 vincit
1465 2776 1480 2800 ,

490 2817 574 2866 Ille
595 2817 728 2865 etiam
749 2816 872 2862 virm
893 2828 1027 2878 emptu
1055 2813 1201 2864 habere
1215 2815 1345 2878 fizcit.

1631 2883 1730 2920 Non
