1877 3277
245 243 345 294 722·-

247 310 323 338 nus
346 295 591 347 probatorius
610 296 768 342 indicat,
789 297 1090 339 Marchionatus
1109 296 1339 348 dignitatem
1353 299 1390 334 &
1406 296 1537 339 locum
1553 294 1601 332 ad
1614 306 1732 343 quem
1754 294 1778 332 3

247 352 340 390 Deo
353 363 515 390 vocatus
540 352 637 397 fuit,
660 353 861 403 intelligit,
884 364 1005 404 quem
1027 350 1063 389 se
1086 361 1128 389 ut
1149 354 1306 390 vocatio
1319 352 1488 402 postulat
1509 353 1608 388 bene
1620 362 1774 401 regere,

244 407 511 449 demonstrare
521 407 618 446 velle
628 407 787 446 videtur.

442 514 789 587 DDOMINE
846 512 1239 564 PROBASTI
1307 514 1425 562 ME
1489 512 1585 562 ET

735 606 1131 644 COGNovxsrt
1187 609 1284 643 ME.

398 686 600 735 Repetitut
624 684 691 723 hic
702 684 984 735 Hierographia
997 685 1184 734 superior,
1206 685 1268 722 scd
1281 684 1423 726 omisso
1438 684 1682 733 probationis
1695 684 1776 721 fur-

247 752 305 779 no
318 767 329 785 ,
349 752 395 778 ac
412 742 455 778 in
476 740 672 792 Symbolo
694 737 870 777 sessionis
889 741 1110 780 vocabulo·‚
1136 742 1189 777 ita
1212 751 1254 778 ut
1274 753 1357 777 non
1370 741 1418 779 ad
1431 741 1567 777 locum
1581 768 1591 783 ‚
1608 739 1667 777 sed
1681 740 1729 776 ad
1743 737 1778 776 se

246 805 402 834 tantum
411 796 541 834 referri
565 796 654 834 velit
677 795 1006 845 Hierographiam
1029 797 1183 833 author.
1240 795 1395 833 Aurum
1411 796 1542 843 itaque
1566 796 1705 832 iterum
1730 795 1778 830 ti-

245 850 585 901 gilloirnpofitum
607 849 885 901 ignisubstrato
904 851 1055 899 probari
1068 850 1290 889 ostenditur.
1346 850 1445 888 Auri
1458 850 1648 898 probandi
1662 849 1774 887 modi

246 908 337 953 vatij
361 905 470 943 sunt:
498 907 686 946 Probatur
697 907 804 942 enim
817 906 945 956 Lydio
957 905 1151 943 affriCtum
1165 905 1435 953 lapidiwctum
1449 907 1593 948 incerta
1606 906 1644 942 ὅ(
1657 904 1778 942 fallax

246 961 327 999 haee
339 959 591 1013 proba‚quod
604 960 817 1010 superficies
829 960 983 998 tantum
1008 961 1179 998 examini
1196 960 1426 1006 subiiciatur.
1457 960 1647 998 Probatur
1658 962 1778 997 etiam

246 1027 351 1064 aqua
362 1027 407 1054 cx
431 1016 633 1060 halinitro,
644 1018 681 1054 ὅ(
695 1016 850 1053 vitriolo
865 1015 1044 1054 distillata
1055 1044 1065 1059 ,
1080 1015 1172 1052 huie
1191 1016 1296 1058 onim
1318 1014 1520 1062 injeEtum,
1533 1026 1578 1052 ac
1595 1013 1680 1064 post
1706 1016 1776 1052 ali·

245 1081 346 1120 quot
357 1080 511 1122 tempus
524 1081 765 1120 exemptum,
779 1070 805 1108 st
817 1071 1017 1120 pristinum
1031 1070 1186 1119 pondus
1200 1069 1676 1116 servaverit,adulteratum
1690 1082 1778 1107 non

245 1127 332 1164 fuit.
388 1127 457 1163 Per
465 1128 601 1176 ignem
615 1125 767 1164 facilius
788 1127 995 1174 probatum
1019 1126 1131 1163 stibio
1145 1128 1249 1163 enim
1262 1127 1537 1167 commixtum,
1550 1137 1595 1162 ac
1615 1128 1653 1163 in
1667 1137 1774 1175 pyra-

243 1181 390 1222 midem
404 1181 615 1229 projeetum
629 1208 640 1225 ,
664 1180 689 1218 si
704 1181 858 1230 pondus
877 1179 1042 1218 amiserit
1058 1193 1200 1230 purum
1223 1193 1331 1219 nunc
1345 1209 1355 1225 ‚
1380 1192 1465 1219 non
1493 1190 1608 1226 antea
1629 1181 1718 1218 fuit.

243 1235 495 1275 Exastissime
511 1246 640 1284 autem
665 1246 847 1275 cemento
858 1237 988 1286 regali,
1005 1237 1130 1285 (quod
1143 1248 1189 1273 ex
1211 1237 1377 1285 pulveris
1391 1236 1543 1285 plumbi
1557 1238 1688 1279 uncia,
1705 1234 1776 1272 sul-

243 1292 378 1342 phuris
390 1293 477 1336 vivi,
493 1290 952 1341 salispetrae2fingulorum
972 1290 1335 1335 semuntia,arsenici
1354 1292 1474 1335 crudi,
1490 1290 1574 1328 salis
1587 1302 1770 1329 commu-

242 1348 304 1384 nis
325 1346 426 1384 binis
440 1346 563 1393 unciis
586 1347 757 1392 constat)
778 1347 985 1396 probatum
1004 1359 1053 1385 eo
1071 1349 1180 1384 enim
1194 1349 1324 1385 omnis
1341 1346 1453 1384 fucus
1464 1347 1627 1390 tollitur,
1642 1358 1686 1384 ac
1701 1358 1774 1395 pu·

241 1413 331 1440 rum
352 1400 572 1452 putumdue
584 1401 767 1451 redditur:
790 1400 921 1451 Hique
942 1403 1024 1440 duo
1038 1402 1217 1452 postremi
1235 1404 1441 1452 perignem
1454 1402 1645 1451 probandi
1659 1401 1772 1439 modi

241 1458 319 1496 veri
330 1457 435 1495 sunt:
501 1458 540 1495 Si
550 1458 657 1502 enim
668 1457 824 1494 stibium
836 1469 881 1494 ae
895 1468 1120 1495 cementum
1131 1458 1257 1496 tulerit
1269 1470 1422 1501 aurum,
1439 1457 1680 1495 defoecatum
1694 1484 1705 1501 ,
1727 1468 1775 1494 ac

241 1513 427 1550 obrizum
439 1513 513 1550 dici
525 1512 660 1562 potest.
714 1513 909 1561 Vtitaque
930 1514 1029 1563 ignis
1041 1525 1191 1553 aurum,
1202 1515 1254 1551 ita
1267 1513 1387 1554 Deus,
1402 1524 1500 1560 num
1516 1513 1573 1550 illi
1586 1511 1768 1555 fidamus,

242 1569 282 1605 in
294 1579 342 1605 eo
355 1568 459 1617 spem
471 1580 681 1618 ponamus,
695 1579 740 1606 ae
761 1569 915 1606 virtutes
928 1580 1120 1613 amemus,
1131 1566 1255 1621 ijsdne
1267 1570 1396 1607 ornati
1419 1567 1549 1613 fimus,
1566 1570 1679 1617 varijs
1694 1579 1770 1606 nos

240 1624 527 1662 calamitatibus
538 1624 698 1672 proban
711 1635 808 1671 quas
822 1623 848 1660 fi
861 1622 1089 1661 sustinemus
1102 1625 1301 1673 patienter,
1316 1634 1402 1661 tum
1414 1624 1575 1667 demum
1587 1635 1664 1661 nos
1679 1636 1770 1673 pro-

240 1678 367 1722 batos,
380 1690 498 1728 puros
511 1689 556 1716 ac
566 1688 682 1729 puros
695 1676 919 1728 aetei·naec'1ue
943 1678 1188 1717 beatitudinis
1200 1690 1404 1728 compotes
1424 1678 1522 1723 fore,
1545 1679 1635 1716 scire
1647 1679 1770 1728 poffu-

239 1745 340 1771 mus,
396 1734 511 1771 Hane
530 1735 808 1783 probationem
823 1735 910 1771 Iobi
928 1734 1043 1772 instar
1062 1734 1084 1772 3
1102 1735 1190 1772 Deo
1204 1735 1416 1772 institutam
1440 1733 1623 1782 Marchio
1645 1735 1708 1772 iste
1733 1733 1769 1775 se

237 1787 368 1827 tulisse.
380 1788 455 1827 hac
475 1789 757 1840 Hierographia
770 1801 856 1839 non
877 1789 1022 1834 minus,
1039 1802 1160 1839 quam
1178 1791 1309 1839 priori,
1319 1790 1522 1828 ostendere
1535 1791 1674 1829 voluit.

514 1901 759 1952 UNUM
818 1901 1177 1953 SUFFICIT
1235 1903 1326 1953 IN
1385 1902 1499 1952 TE-

882 1997 1121 2032 Nfissnis
1199 1997 1203 2001 ·

387 2070 616 2121 Christianis
629 2082 716 2108 mos
727 2071 789 2115 est,
802 2083 892 2110 cum
917 2071 1197 2117 anniversarios
1221 2072 1430 2110 Salvatoris
1443 2071 1564 2119 nostri
1593 2071 1767 2109 crucifixi

234 2125 376 2171 iustus,
391 2124 550 2175 ejusque
569 2127 742 2175 diei,qua
755 2126 891 2176 paffus,
910 2129 948 2165 ὄζ
961 2138 1138 2165 mortuus
1151 2127 1214 2172 est,
1229 2129 1465 2165 memoriam
1479 2127 1686 2169 celebrant,
1693 2138 1765 2163 tre-

233 2182 360 2219 decim
370 2182 551 2221 candelas
562 2180 631 2219 sub
644 2181 922 2231 crepusculum,
927 2194 1074 2231 eo‚quo
1084 2192 1292 2220 cernuntur
1303 2184 1342 2219 in
1357 2184 1626 2232 Hieroglyptm
1641 2183 1765 2219 modo

233 2237 459 2288 constitutas
473 2265 483 2280 ,
497 2236 714 2288 incendere.
768 2239 835 2275 Hae
853 2238 1061 2276 duodecim
1084 2238 1314 2286 Apostolos,
1329 2240 1367 2275 δε
1390 2239 1544 2277 beatam
1556 2239 1763 2287 Virginem

232 2303 400 2330 numero
422 2292 616 2337 referunt,
646 2304 691 2329 ac
703 2291 766 2329 etsi
783 2305 923 2330 omnes
946 2293 1056 2330 simul
1076 2294 1234 2330 ardeant
1252 2291 1399 2342 primo:
1419 2294 1606 2341 paulatim
1629 2303 1763 2331 tamen

231 2337 364 2396 postea
386 2346 541 2397 singulae
554 2348 843 2397 extingvuntur‚
857 2349 986 2385 donec
999 2350 1182 2386 omniurn
1195 2348 1368 2397 suprema
1397 2348 1478 2385 iola
1494 2349 1764 2396 luceat.Q1ae

231 2401 312 2439 sola
323 2379 488 2454 tenebris
502 2401 736 2451 depellendis
752 2400 899 2440 sufficit:
918 2405 1009 2452 quia
1027 2404 1182 2441 habitus
1194 2405 1449 2452 privationem
1461 2404 1572 2441 tollit:
1636 2403 1762 2440 Tene-

230 2457 306 2494 brae
318 2457 425 2496 enim
436 2456 675 2500 nihilaliud,
698 2469 818 2505 quam
839 2459 933 2495 lucis
947 2457 1034 2496 sunt
1056 2460 1235 2508 privatio,
1252 2471 1297 2496 ae
1319 2459 1383 2495 lux
1399 2458 1497 2496 nihil
1511 2458 1630 2501 aliud,
1641 2470 1762 2505 quam

228 2514 308 2550 vita
326 2523 549 2565 corporum,
574 2521 767 2559 quatenus
796 2513 956 2551 visibilia
977 2513 1083 2558 sunt,
1107 2524 1172 2551 aut
1187 2514 1348 2552 lucentis
1361 2515 1587 2562 corporisin
1599 2514 1760 2559 objcstis

229 2562 682 2618 corporibus‚spiritualis
695 2560 888 2617 praesentia
898 2581 942 2605 ac
956 2570 1054 2612 idea,
1074 2579 1268 2617 quatenus
1281 2568 1379 2608 visus
1395 2569 1593 2630 objectum
1605 2568 1758 2611 est‚scn-

226 2622 270 2659 su
282 2621 549 2671 potius,quam
559 2620 802 2661 definitione,
816 2632 882 2660 aut
896 2626 1046 2661 ratione
1071 2626 1186 2662 nobis
1202 2635 1306 2662 nota:
1367 2625 1501 2662 Nemo
1523 2625 1628 2661 enim
1651 2636 1757 2660 mor-

225 2677 364 2714 talium
385 2689 516 2715 veram
540 2677 636 2726 lueis
650 2670 844 2727 essentiam
860 2679 1186 2728 comprehendere
1208 2681 1346 2717 animo
1360 2680 1498 2728 potest:
1515 2676 1598 2715 imo
1622 2691 1693 2716 nec
1707 2691 1758 2716 an

227 2731 458 2775 substantifft
470 2744 521 2769 an
541 2731 720 2779 qualitas,
748 2734 785 2775 δε
800 2731 824 2769 fi
841 2731 1071 2778 substantia,
1086 2747 1135 2771 an
1160 2746 1357 2782 corporea,
1375 2746 1426 2771 an
1440 2735 1713 2782 incorporea]
1691 2734 1731 2770 fit
1746 2762 1756 2777 ,

226 2787 532 2836 intelligipotest.
590 2786 728 2823 Oculis
752 2788 850 2824 nihil
871 2800 1004 2826 notius
1017 2790 1125 2826 luce
1160 2790 1249 2835 Ejus
1278 2791 1385 2827 enim
1408 2788 1600 2826 beneficio
1613 2790 1754 2826 cunsta

226 2851 422 2893 apparent,
439 2844 476 2880 ὅ(
491 2840 684 2891 perspicua
708 2844 844 2880 omnia
864 2842 977 2889 sunt,
1001 2857 1045 2882 ac
1058 2845 1207 2911 calores
1235 2845 1366 2882 astum
1389 2846 1599 2892 rccipiunts
1613 2853 1653 2881 ut
1671 2856 1758 2891 non

1591 2898 1750 2936 abiurde
