1877 3277
289 290 607 342 OMNIA
667 290 1106 342 FORTuNAE
1167 287 1386 341 Co'M.
1516 238 1604 283 ’μ

724 386 981 420 ΜΙΤΤΟ.

244 467 343 518 Qis
353 465 503 503 dubitat
515 464 620 502 hunc
631 464 845 512 Principem
859 491 869 506 ,
885 462 982 500 dum
1004 462 1037 499 sc
1055 462 1249 501 triremi&
1261 462 1359 499 mari
1377 461 1603 505 committit,

83 524 220 562 omnia
233 522 400 559 fortunae
422 520 686 557 committere?
717 519 881 555 Externa
903 519 1008 555 enirn
1032 520 1139 556 bona
1152 546 1162 562 ‚
1179 530 1264 566 quae
1283 517 1398 555 nobis
1410 516 1538 554 nostra
1551 518 1609 555 vi-

82 580 234 622 dentur,
245 589 370 615 revera
396 576 522 613 nostra
539 587 621 611 non
636 573 734 611 sunt,
746 572 806 610 sed
827 573 982 612 tantum
995 574 1299 612 interna‚animi
1315 574 1505 621 nempe&
1523 584 1610 610 cor-

83 636 201 683 poris.
275 632 341 668 Ob
363 632 398 668 id
413 632 498 668 Bias
511 631 606 667 dum
621 630 783 677 patriam
806 629 1054 677 egrederetur,
1079 631 1347 677 interrogatus:
1361 640 1429 665 cur
1453 628 1607 665 nullam

84 700 126 726 ut
139 690 202 733 alii
219 687 518 736 suppellectilem
530 684 659 722 secum
672 683 778 720 ferret
792 684 804 720 ἒ
825 683 1053 733 Respondit:
1067 685 1201 721 omnia
1213 695 1300 721 mea
1313 695 1468 720 mecum
1483 692 1608 733 porto·

83 745 292 793 Sapienter:
349 742 459 779 Nihil
474 742 580 777 enim
602 739 777 776 nostrum
795 739 859 783 est,
875 739 941 776 nifi
963 740 1135 789 id‚quod
1155 737 1176 775 ὲ
1199 739 1314 776 nobis
1339 739 1479 775 auferri
1493 739 1609 776 nullo

83 800 209 837 modo
220 797 356 847 potest.
412 798 527 833 Hunc
548 796 725 842 Princeps
747 795 932 838 imitatus,
956 795 1052 832 dum
1071 794 1106 832 se
1121 794 1275 831 Caesaris
1296 792 1530 843 dominic'we
1551 793 1608 831 sui

81 852 197 892 causa
219 853 549 894 maticommittir,
564 852 711 897 inquit:
741 850 779 885 O
803 850 845 885 M
869 851 906 886 N
931 851 946 886 I
968 850 1006 887 A
1046 851 1071 886 F
1085 851 1122 887 O
1139 851 1172 886 R
1189 851 1224 886 T
1239 851 1275 887 V
1289 851 1327 888 N
1341 850 1410 886 ΑΕ
1447 849 1481 886 C
1495 850 1533 886 O
1547 850 1608 886 M·

83 911 126 948 M
141 911 155 947 1
170 910 251 946 TT
266 910 317 945 O.
375 908 543 954 Reliqua
565 908 671 942 enim
695 905 802 941 bona
825 915 978 942 externa
997 917 1081 952 quae
1103 905 1361 954 possidentur,
1390 904 1537 942 etiamsi
1559 904 1608 941 ad

83 966 254 1003 aliorum
269 975 410 1001 manus
425 963 752 1011 perveniantmon
762 971 893 996 tamen
908 961 997 997 ideo
1011 962 1216 1004 intereunt,
1233 971 1301 998 aut
1318 961 1486 997 fortunae
1499 958 1609 996 casus

78 1022 290 1072 patiuntur.
335 1019 448 1055 Solus
462 1018 588 1054 homo
602 1018 630 1052 is
643 1016 778 1062 est,qui
792 1015 959 1052 fortuna:
970 1015 1132 1052 insultus
1148 1016 1307 1064 perferre
1320 1017 1523 1065 cogitur,&
1536 1027 1609 1064 po-

81 1076 159 1114 test.
218 1076 254 1113 Is
266 1074 290 1112 fi
305 1073 338 1110 se
351 1074 522 1122 periculis
535 1073 768 1113 committat,
785 1081 825 1107 ut
838 1071 1061 1108 fidelitatem
1076 1084 1196 1118 quain
1220 1070 1291 1108 suo
1301 1072 1469 1108 domino
1481 1071 1606 1112 debet,

81 1132 244 1174 testetur,
259 1128 356 1167 recte
369 1131 504 1166 omnia
522 1127 587 1164 sua
600 1127 766 1163 fortunae
790 1128 1044 1170 committere,
1062 1126 1248 1164 asseverat:
1284 1127 1395 1164 Nihil
1410 1128 1515 1163 enim
1530 1127 1608 1162 vita

80 1188 281 1233 estmnjus,
295 1184 415 1233 qudm
428 1185 496 1231 qui
509 1194 580 1231 pro
597 1182 764 1218 domino
795 1181 864 1218 suo
876 1183 1061 1230 exponit,
1076 1180 1159 1220 vere
1172 1182 1206 1219 se
1228 1181 1384 1220 fidelem
1398 1181 1479 1226 effe,
1495 1191 1536 1218 ut
1547 1181 1610 1219 hic

81 1244 258 1291 Princeps
273 1240 480 1291 Symbolo,
492 1238 633 1286 jactare
653 1239 689 1274 δε
703 1238 857 1287 gloriari
880 1237 1014 1287 potest.

284 1353 374 1402 IN
421 1350 660 1400 MORA
720 1349 816 1398 ET
864 1348 1408 1399 VELOCITATE.

231 1445 349 1483 Mora
372 1445 572 1487 testudine,
590 1444 772 1481 velocitas
795 1444 901 1486 navi,
926 1445 963 1480 ὃ(
982 1454 1190 1491 utrumque
1210 1443 1398 1481 crescente
1413 1444 1550 1481 arbore
1564 1444 1610 1481 fi-

81 1498 300 1550 gnificatur.
354 1501 400 1537 In
412 1513 523 1537 mora
540 1502 577 1536 &
593 1500 796 1535 velocitate
816 1510 941 1535 rerum
955 1499 1209 1548 gerendarum
1222 1499 1464 1536 foelicitatem
1482 1500 1609 1537 confi-

83 1556 173 1592 stere
186 1583 195 1598 ,
218 1556 350 1592 multis
364 1555 651 1605 Hierographijs
662 1553 856 1590 ostensum
876 1554 938 1591 est:
996 1556 1235 1602 Quicunque
1247 1556 1351 1591 enim
1364 1566 1476 1592 mora
1493 1558 1530 1592 ὃς
1543 1568 1610 1594 vc-

82 1611 237 1648 locitate
250 1612 421 1659 negotia,
436 1613 496 1649 vel
512 1611 665 1659 publica
682 1610 740 1646 vel
755 1611 898 1657 privata
921 1621 1030 1658 agere
1044 1609 1112 1645 fibi
1136 1611 1334 1659 proponit,
1358 1611 1522 1659 prudens
1544 1611 1610 1656 est,

82 1677 210 1714 neque
220 1664 334 1703 facile
346 1676 452 1711 errat,
465 1677 531 1704 aut
541 1665 755 1714 periculum
768 1665 826 1701 vel
836 1664 1028 1701 damnum
1042 1666 1211 1702 incurrit.
1267 1666 1373 1703 Nam
1398 1678 1511 1703 mora
1527 1678 1611 1714 per-

83 1723 215 1771 pendit
226 1722 405 1770 pericula,
423 1725 547 1770 eaque
562 1729 755 1769 praecavet,
769 1722 807 1758 δε
830 1721 1012 1757 velocitas
1035 1730 1248 1767 antequam
1262 1721 1355 1768 quid
1377 1721 1480 1758 aliud
1494 1723 1613 1758 inter-

81 1778 410 1826 cedat,negotium
423 1776 578 1826 perficit:
636 1776 764 1812 Multa
778 1776 881 1812 enim
896 1785 935 1811 ut
949 1777 1075 1822 inquit
1089 1775 1152 1811 ille
1173 1776 1317 1812 cadunt
1329 1776 1430 1813 infra
1445 1777 1608 1814 calicem

81 1831 338 1881 supremac'lue
351 1833 469 1876 labra,
485 1845 529 1869 ac
542 1831 804 1873 cunctatione,
817 1842 872 1867 res
894 1831 991 1867 bene
1006 1830 1192 1879 perpensa:
1217 1833 1253 1867 &c
1265 1831 1491 1877 deliberarat,
1516 1832 1612 1882 saepe

81 1887 210 1926 fructu
222 1897 362 1932 carent,
378 1885 638 1937 optatumc'lue
653 1885 813 1935 scopum
828 1897 912 1924 non
924 1887 1131 1936 attingunt,
1144 1885 1394 1935 pereuntque.

298 1994 394 2042 MI
443 1994 736 2043 TROVO
795 1993 886 2043 IN
945 1991 1161 2040 ALTO
1212 1990 1387 2039 MAR

546 2087 741 2123 SENZA
800 2087 1125 2120 GOVERNo-

230 2168 364 2214 Inquit
378 2167 636 2216 Symbolum:
661 2179 723 2204 me
749 2167 787 2203 in
811 2167 892 2203 alto
907 2166 1003 2203 mari
1028 2164 1171 2212 absque
1191 2162 1458 2212 gubernaculo
1476 2160 1613 2210 perspi-

81 2225 155 2261 cio:
173 2222 461 2272 Hicroglypton
493 2222 692 2272 Cymbam
728 2222 910 2258 fluetibus
935 2220 1116 2264 jastatam
1130 2248 1139 2262 ‚
1173 2218 1315 2267 absque
1342 2217 1612 2267 gubernaculo

80 2281 270 2316 continet.
326 2279 463 2315 Voluit
476 2275 736 2326 proculdubio
752 2277 877 2326 Mysta
889 2275 1097 2316 ostendere,
1116 2275 1150 2311 se
1168 2277 1208 2311 in
1229 2275 1360 2311 multis
1375 2277 1412 2310 ὃς
1427 2273 1611 2309 maximis

82 2334 259 2384 periculis
278 2332 427 2375 versari,
452 2345 577 2380 neque
599 2334 712 2370 omni
735 2333 867 2369 ablato
882 2332 1030 2368 auxilio
1050 2330 1160 2373 scire,
1186 2330 1396 2377 quomodo
1420 2339 1613 2377 emergere

82 2387 212 2439 possit.
266 2389 319 2426 Vt
331 2398 462 2425 tamen
488 2388 642 2436 Cymba
658 2389 821 2425 fortunae
854 2385 1054 2424 commissa
1069 2414 1078 2428 ,
1101 2384 1333 2422 interdum&
1356 2383 1537 2421 fluetibus
1562 2383 1612 2419 ad

82 2447 186 2483 littus
199 2446 407 2493 proijcitur,
420 2455 463 2480 ac
475 2445 640 2493 pellitur,
663 2448 713 2480 ita
738 2442 771 2479 se
784 2455 867 2478 non
885 2441 1120 2489 despondere
1141 2442 1334 2483 animum,
1350 2440 1408 2476 sed
1440 2439 1610 2475 fortunae

81 2504 130 2538 ita
142 2499 350 2541 confidere,
366 2500 473 2546 quod
486 2499 603 2548 speret
614 2500 662 2537 ab
678 2499 742 2534 illa
757 2498 958 2534 indu&um
974 2497 1138 2539 malum,
1152 2497 1253 2532 illius
1268 2495 1461 2532 beneficio
1472 2496 1609 2530 iterum

82 2556 119 2594 se
133 2555 445 2593 consecuturum.
502 2556 622 2592 Fortis
635 2556 740 2591 enim
753 2555 875 2589 animi
888 2553 951 2595 est,
966 2552 1060 2588 dunt
1073 2550 1226 2588 adversa
1241 2561 1378 2600 urgent
1393 2553 1429 2587 δε
1444 2561 1512 2598 prae
1526 2561 1610 2585 ma-

82 2612 198 2649 nibus
216 2609 313 2649 sunt,
333 2611 376 2655 ijs
391 2621 474 2646 non
490 2609 749 2648 succumbere:
764 2607 823 2644 sed
838 2618 971 2644 contra
987 2608 1056 2643 niti
1069 2607 1277 2649 ardentius,
1293 2619 1336 2643 ac
1348 2615 1612 2643 aerumnarum

83 2667 206 2704 finem
218 2666 284 2702 fibi
298 2663 403 2702 brevi
417 2665 600 2713 polliceri.
655 2666 760 2701 Tum
773 2663 881 2710 quod
894 2665 944 2699 rei
957 2663 1128 2698 melioris
1143 2661 1422 2710 spes,dolorem
1438 2662 1608 2696 minuat:

81 2733 166 2758 tum
179 2719 287 2768 quod
308 2721 463 2757 nullum
477 2733 580 2758 onus
601 2730 682 2757 tam
695 2731 808 2769 grave
831 2719 850 2754 ὲ.
877 2719 1039 2754 numine
1056 2718 1251 2761 inferatur,
1274 2717 1383 2765 quod
1408 2728 1491 2752 non
1515 2714 1612 2750 ferat

83 2778 426 2814 hominisnatura:
449 2788 533 2823 quae
555 2776 738 2824 patiendo
756 2775 971 2817 exercitata,
987 2773 1221 2809 fortitudinis
1248 2773 1426 2810 habitum
1446 2770 1609 2810 inducit,

84 2845 128 2870 ac
141 2832 349 2869 hominem
363 2832 650 2870 immortalitati
670 2830 878 2868 consecrat.

872 2933 985 2992 04
1433 2921 1612 2969 SITE
