1877 3277
1484 255 1539 303 18
1572 286 1584 297 .

52 316 117 367 pia
130 316 311 365 conjugis
334 314 407 352 suae
430 315 581 360 fruitur,
608 318 662 353 ita
681 315 893 358 mutati‚'ut
904 314 986 352 vita
1000 311 1219 363 animoque
1231 312 1301 351 suo
1317 314 1358 352 in
1382 314 1496 364 ipsius
1512 267 1599 361 coyt,

55 370 345 421 pustranssato,
379 371 558 419 ecclipfin
581 372 769 419 patiatur,
792 369 1075 419 pristinamque
1101 370 1278 407 formam
1299 382 1385 407 non
1419 375 1593 411 retineat:

52 427 212 478 vulgare
225 428 331 465 enim
345 427 408 470 est,
423 436 600 465 amantes
612 428 651 464 in
667 426 840 463 aliorum
852 435 1015 475 corpore
1027 427 1223 470 animum,
1235 428 1371 463 nonin
1388 426 1457 464 suo
1480 429 1600 466 habe.

52 496 109 523 re.
166 483 210 522 Id
229 484 321 520 utin
336 482 470 520 solutis
483 483 686 532 conjugio,
708 483 902 532 vituperio
916 482 1093 532 dignum:
1112 484 1164 520 ita
1186 483 1228 520 in
1241 485 1478 534 conjugibus
1495 485 1599 524 sum-

53 550 219 590 mopere
232 538 477 577 laudandum
489 538 553 575 est.

452 652 569 701 ME
620 648 808 721 (ruts
867 649 1205 701 ORNARI.

208 748 262 785 Vt
282 748 398 786 Luna
414 748 540 786 lucem
566 745 587 784 ὲ
602 747 692 784 Sole
708 744 839 790 habet,
856 746 1014 796 eiusque
1027 748 1224 786 beneficio
1237 748 1456 794 illustratur,
1471 750 1600 788 nobis-

52 803 130 853 (quc
143 804 355 853 conspicua
369 803 423 840 fit:
437 805 488 841 ita
503 815 616 846 uxor,
632 804 669 840 δ(
695 801 990 842 materfamilias
1003 832 1013 849 ‚
1039 804 1060 841 ὲ
1071 806 1141 842 viri
1164 804 1366 844 consortio
1380 834 1390 850 ,
1417 804 1602 857 illitisc‘iue

51 861 304 909 dignitatibus
324 861 540 902 ornatum&
554 859 773 897 illustratur.
831 857 920 895 Hoc
935 859 1172 898 beneficium
1185 860 1221 898 se
1232 860 1254 897 ὲ
1267 862 1352 899 vito
1364 862 1506 899 habere
1522 864 1601 900 haec

53 915 275 965 Principiffil
291 915 466 965 agnoscit
489 915 685 964 Symbolo
716 914 761 950 M
772 913 801 949 E
828 914 864 949 T
877 915 983 952 VIS
1018 916 1056 953 O
1070 918 1107 953 R
1118 917 1156 955 N
1171 916 1210 953 A
1223 918 1297 961 Ri,
1312 917 1380 954 fibi
1392 919 1497 956 enim
1509 930 1595 966 gra-

54 972 213 1015 tulatur,
230 969 339 1020 quud
352 972 457 1008 illius
470 969 662 1015 socictate,
678 972 716 1008 ὃς
728 968 930 1018 dignitate,
945 980 1139 1020 tanquam
1152 971 1342 1010 solaribus
1356 974 1468 1017 radiis
1485 985 1600 1010 orne-

51 1038 137 1072 tur,
162 1030 200 1065 &
216 1027 441 1066 illustretur,
471 1027 649 1064 Mulieris
673 1025 862 1074 siquidem
882 1038 1166 1066 ornamentum
1181 1029 1236 1066 vit
1251 1029 1316 1067 est,
1337 1028 1601 1078 quifiimpro-

102 1085 174 1121 bus
188 1086 226 1121 ὅ(
240 1084 343 1134 frugi
357 1096 440 1121 non
463 1083 524 1119 fit:
559 1084 699 1121 vitium
713 1093 835 1119 omne
848 1084 895 1119 esi
910 1083 1073 1120 muliere
1085 1086 1370 1128 communicat,
1387 1082 1540 1134 illamc‘p

205 1139 279 1178 suis
303 1141 401 1185 vitijs
415 1137 523 1188 quasi
537 1138 732 1176 infamem
755 1137 895 1174 reddit:
920 1148 962 1176 ut
974 1136 995 1175 ὲ
1006 1149 1142 1178 contra
1157 1140 1362 1177 virtutibus
1374 1140 1460 1179 inu-

305 1195 416 1233 sttem
429 1223 440 1240 ‚
466 1194 491 1232 fi
507 1194 580 1231 illis
595 1193 672 1243 ipsa
685 1202 822 1231 careat.
881 1193 1109 1233 Celebretut
1131 1197 1264 1247 itaque
1276 1196 1359 1235 haec

478 1248 811 1299 Principiss‘a,quae
835 1248 870 1285 se
892 1251 961 1287 viri
982 1253 1178 1302 cncomijs

664 1306 797 1344 ornari
821 1304 980 1349 fatetur.

802 1367 843 1430 3*
