1877 3277
242 205 328 266 ⁷6³
497 256 765 344 Qvon
825 268 990 321 HIC
1051 268 1345 323 DEEST
1404 274 1529 329 ME

858 362 1184 413 TORQVET.

376 439 513 479 Stellio
529 439 698 478 Lacertae
709 451 832 490 genus
846 439 1165 483 est‚indenomen
1179 441 1330 479 habens
1341 439 1449 490 quod
1460 451 1624 491 tergum,
1640 442 1678 478 ὅ(
1692 451 1781 477 cau-

244 497 292 536 da
307 495 421 534 stellis
444 494 621 545 insignita
634 495 720 536 fint.
779 496 1034 538 Venenosum
1048 498 1099 534 est
1121 498 1284 539 animal,
1298 496 1457 546 ejusdue
1470 507 1613 534 naturae
1625 524 1635 540 ‚
1660 505 1700 532 ut
1714 496 1783 543 qui

244 554 395 595 vinum,
407 553 449 589 in
462 563 547 599 quo
560 552 752 589 extinCtus
764 550 1061 598 fuerit,ebiberit
1076 551 1248 602 leprosus
1264 551 1343 590 fiat.
1403 554 1503 590 Vere
1523 562 1707 589 cavernas
1729 562 1782 587 re-

224 636 227 638 ·
244 608 444 657 linquens,
458 606 556 644 dum
577 607 780 655 apricatur,
804 605 924 644 solem
937 610 1072 658 jugiter
1094 610 1277 650 intuetur,
1302 619 1343 650 ut
1357 608 1506 646 nebula·
1520 635 1528 648 ,
1544 609 1580 644 &
1597 607 1784 644 humores

244 664 373 702 oculis
393 662 643 706 inhaerentes,
668 674 713 700 ac
736 662 903 701 tenebris
914 663 1133 713 conquisiti,
1149 664 1414 702 discutiantur.
1477 662 1785 700 Animalculum

245 719 299 757 est
321 719 544 768 quadrupes
577 718 840 756 Salamandrae
863 731 945 756 non
972 718 1176 763 dissimile,
1210 732 1255 757 ac
1277 722 1374 757 inter
1396 720 1469 757 alia
1495 719 1571 755 hoe
1595 718 1787 766 peculiare

244 774 379 819 habet,
394 775 517 824 quod,
532 783 573 811 ut
593 782 722 812 caetera
736 774 923 811 animalia
946 775 1139 815 Venerem
1153 777 1330 825 cupiunt,
1356 776 1460 812 illius
1475 774 1636 812 stimulis
1657 784 1787 821 neque

244 832 460 872 crucietur,
482 841 612 878 neque
632 830 778 868 amoris
801 830 1007 869 confliCtus
1023 830 1170 869 sentiat.
1225 831 1291 868 Ab
1309 832 1383 868 hac
1402 831 1516 880 ipsius
1529 840 1666 867 natura
1680 830 1786 878 prin·

243 897 333 935 ceps
366 885 585 924 Franciscus
619 885 858 935 Symbolum
880 890 1040 936 accepit,
1064 887 1160 924 dum
1189 888 1253 924 ait:
1292 888 1378 938 Q
1395 887 1483 924 OD
1530 885 1648 923 HiC
1683 885 1779 932 DE—

245 942 275 980 E
290 942 314 980 S
328 942 364 978 T
378 969 388 986 ,
412 952 557 990 nempe
576 953 714 985 amor,
737 943 779 978 M
793 942 819 978 E
856 943 890 978 T
906 944 943 979 O
960 944 995 979 R
1014 943 1196 993 QVET:
1258 943 1341 981 Fuit
1356 944 1478 991 ⁴enim
1504 952 1640 980 amore
1663 938 1789 986 cujus-

243 998 340 1035 dam
360 998 519 1047 virginis
543 1008 690 1045 eaptus,
705 1009 789 1045 quo
803 998 894 1044 quia
919 997 956 1035 se
975 996 1135 1035 mirifice
1158 999 1287 1036 vexari
1307 996 1430 1042 sensit,
1446 995 1618 1047 apposite
1634 996 1788 1033 Stellio-

244 1065 353 1096 nem,
366 1055 435 1102 qui
449 1054 596 1090 amoris
618 1052 795 1090 molestia
813 1064 924 1097 caret,
935 1066 1005 1103 pro
1025 1054 1285 1104 Hieroglypto
1298 1055 1427 1092 edidit.
1483 1053 1639 1103 Qibus
1653 1062 1791 1089 autem

246 1108 437 1155 molestiis
458 1117 637 1145 amantes
656 1118 929 1157 torqueantur,
955 1110 1183 1147 mortalium
1205 1109 1444 1157 paucissimis
1469 1110 1654 1158 ignotum
1669 1107 1733 1145 est.

245 1164 318 1201 Ait
328 1165 436 1200 enim
448 1163 622 1201 Plautus:
640 1162 769 1200 Credo
782 1175 857 1213 ego
869 1176 1047 1202 amorem
1061 1165 1162 1213 apud
1177 1165 1361 1202 homines
1392 1163 1664 1202 carnificinam
1678 1173 1789 1200 com·

244 1229 452 1262 mentum,
476 1219 526 1255 ita
542 1229 606 1255 me
627 1231 741 1256 amor
765 1219 917 1268 lapsum⁴
939 1221 1062 1257 animi
1087 1219 1272 1263 ludificat,
1296 1220 1421 1270 fugat,
1445 1221 1538 1269 agit,
1553 1220 1716 1267 oppetit,
1731 1230 1788 1254 ra·

246 1283 341 1322 prat,
352 1275 499 1316 retinet,
511 1274 642 1320 jaetat,
656 1275 816 1324 largitur
829 1302 839 1319 ‚
863 1275 971 1322 quod
985 1275 1051 1313 dat
1063 1288 1149 1313 non
1161 1276 1241 1320 dat,
1266 1277 1429 1320 deludit,
1442 1272 1570 1313 modo
1583 1274 1693 1322 quod
1703 1271 1786 1310 sua-

246 1327 288 1366 fit
305 1326 513 1367 diffuadet:
537 1330 647 1379 quod
669 1327 856 1374 dissuasit,
878 1331 915 1367 id
941 1331 1121 1373 ostentat.

405 1416 589 1471 VIAS
636 1417 841 1470 TuAS
887 1419 1241 1477 DOMINE
1290 1418 1620 1470 DEMON.

833 1514 992 1550 s‘rRA
1051 1518 1213 1551 MIHI.

388 1570 572 1610 Thobias
592 1573 726 1619 iunIOr
747 1576 840 1612 cum
866 1573 965 1620 jussu
990 1577 1179 1624 parentis,
1207 1574 1255 1612 ad
1279 1572 1515 1625 exigendam
1538 1571 1710 1608 debitam
1725 1581 1792 1619 pe-

243 1627 406 1664 cuniam
419 1629 454 1665 ei
473 1628 801 1678 proficiscendum
827 1629 968 1668 ess'etin
984 1631 1180 1675 Mediam,
1203 1630 1329 1668 faetus
1343 1631 1395 1668 est
1420 1629 1629 1666 illidivino
1656 1625 1792 1664 instin-

245 1681 311 1719 &u
328 1684 473 1722 itineris
497 1686 576 1728 dux
604 1685 783 1735 Angelus
809 1686 1003 1735 Rapha'el.
1058 1687 1168 1724 Dum
1192 1688 1324 1735 itaque
1348 1688 1446 1724 circa
1471 1685 1620 1734 Tygrin
1641 1683 1793 1720 flumen

244 1738 546 1786 quiescerent‚ac
559 1741 741 1779 Thobias
753 1743 791 1780 in
806 1742 970 1781 flumine
986 1742 1097 1791 pedes
1112 1744 1238 1781 lavare
1250 1742 1385 1779 vellet:
1404 1740 1515 1791 piscis
1527 1740 1691 1789 quidam
1702 1739 1792 1777 hor-

243 1795 387 1833 temdus
411 1798 452 1834 in
478 1797 591 1834 illum
611 1797 806 1842 insiliens,
840 1810 924 1835 non
951 1799 1077 1837 levem
1107 1799 1164 1835 illi
1187 1800 1374 1836 timorem
1402 1795 1570 1835 incussit:
1643 1793 1794 1833 Verum

243 1851 579 1900 Angelojubenre
598 1854 789 1891 audacior
810 1853 935 1892 fastus
951 1882 962 1897 ‚
984 1856 1024 1892 in
1048 1865 1188 1892 terram
1201 1856 1327 1898 traxit,
1344 1854 1510 1896 oceidit,
1531 1851 1793 1893 exenteravit,

245 1918 291 1943 :ic
313 1919 394 1952 cor,
409 1911 566 1955 jecut&
582 1909 633 1946 fel
656 1908 839 1951 servavit,
870 1920 911 1947 ut
932 1911 1050 1947 corde
1073 1910 1312 1948 carbonibus
1337 1908 1707 1956 injceto,daemonia
1729 1905 1793 1943 fu-

243 1974 355 2011 gare,
379 1976 425 2000 ac
447 1964 538 2002 felle
558 1966 780 2002 coecitatem
810 1966 1020 2002 oculorum
1043 1977 1228 2003 amovere
1260 1964 1407 2014 posset:
1431 1962 1553 2014 Qod
1578 1963 1708 2011 postea
1731 1961 1792 1998 fa-

245 2019 354 2055 &um
376 2019 464 2056 fuit.
518 2021 628 2059 Nam
649 2032 740 2058 cum
763 2022 867 2071 apud
895 2021 1112 2069 Raguclcm
1136 2031 1342 2058 manerent
1357 2049 1366 2064 ,
1389 2023 1498 2065 cujus
1523 2018 1603 2056 filia
1629 2019 1718 2056 Sara
1741 2015 1791 2053 se-

244 2085 351 2122 ptem
373 2077 463 2112 viris
498 2076 624 2124 (quos
652 2076 921 2119 daemonium,
950 2078 1072 2125 prima
1107 2077 1342 2113 concubitus
1357 2076 1473 2113 noete
1506 2072 1792 2119 interfecerar,)

244 2129 382 2168 frustra
405 2129 636 2177 desponsata
660 2131 805 2176 fuisset,
831 2132 977 2182 Angeli
1009 2131 1175 2170 consilio
1198 2132 1380 2169 Thobi-as
1413 2131 1524 2168 illam
1552 2131 1591 2166 in
1627 2139 1793 2166 uxorem

245 2188 352 2233 petijt
375 2186 395 2223 a
422 2196 539 2236 patre,
561 2186 841 2238 obtinuitque,
867 2200 911 2225 ac
925 2188 1137 2225 Daemonio
1160 2188 1302 2226 aba-sto
1316 2187 1442 2224 cordis
1455 2186 1595 2227 fumo,
1616 2184 1682 2221 illa
1693 2194 1792 2220 con-

243 2242 447 2290 jugaliter,
462 2254 554 2279 curn
578 2243 697 2281 altera
713 2254 819 2293 parte
845 2245 1032 2280 omnium
1059 2243 1285 2287 bonorum,
1306 2255 1391 2291 quae
1416 2252 1522 2291 pater
1545 2239 1793 2290 possidebat,

246 2299 394 2345 potitus
415 2298 477 2335 est.
535 2298 774 2346 Huiusmodi
794 2300 940 2336 itineris
961 2299 1104 2337 ducem
1119 2327 1129 2343 ,
1145 2311 1231 2337 non
1250 2299 1301 2336 est
1324 2299 1506 2340 dubium,
1521 2298 1618 2344 quin
1644 2294 1712 2331 fibi
1731 2293 1797 2332 hic

244 2352 340 2389 Dux
356 2382 365 2396 ,
388 2356 456 2401 qui
482 2353 613 2393 adhuc
633 2355 767 2393 caelebs
781 2365 861 2392 erat
873 2383 882 2398 ,
897 2355 995 2392 dum
1018 2355 1123 2392 hanc
1147 2354 1476 2404 Hietographiam
1491 2354 1661 2401 erigeret,
1676 2360 1794 2398 opta-

244 2408 311 2445 rit:
335 2420 418 2457 quo
432 2412 593 2456 juvante
609 2411 717 2458 piam
732 2439 742 2455 ,
763 2409 1246 2459 omnibusduevirtutibus
1262 2419 1444 2447 ornatam
1460 2414 1687 2448 uxorem‚ut
1701 2405 1796 2442 Sara

245 2463 343 2507 fuit,
368 2462 537 2501 nancisci
560 2464 689 2514 posset.
743 2466 859 2503 Hanc
880 2466 983 2503 illius
1007 2465 1116 2503 fuisse
1134 2476 1322 2509 mentem,
1336 2463 1572 2514 Symbolum
1588 2489 1598 2505 ‚
1631 2461 1668 2496 V
1684 2461 1698 2498 1
1715 2459 1750 2496 A
1769 2458 1794 2495 S

245 2518 423 2557 TVAS
466 2520 741 2558 DOMINE
788 2520 1222 2559 DEMONSTRA
1260 2520 1432 2563 MIHI,
1453 2515 1795 2555 confirmat18ci-

247 2576 423 2613 vitenim
447 2575 537 2612 Dux
556 2602 566 2619 ‚
588 2576 762 2621 bonam,
780 2578 886 2626 piam
901 2605 910 2619 ‚
931 2578 971 2614 &
993 2576 1161 2625 probam
1184 2587 1375 2619 uxorem,
1405 2586 1492 2611 non
1518 2571 1587 2610 nisi
1607 2570 1628 2608 a
1650 2570 1799 2607 Domi·

249 2641 319 2674 no,
332 2640 373 2667 ut
386 2629 557 2668 Thobiae
569 2633 747 2681 contigit,
759 2632 856 2669 dari.
914 2633 1050 2681 Qiam
1062 2633 1180 2668 etiam
1196 2631 1323 2680 postea
1348 2631 1504 2679 jugibus
1520 2629 1568 2665 ad
1585 2628 1716 2664 Deum
1729 2625 1794 2661 fu-

248 2684 292 2723 fis
315 2686 490 2734 precibus
513 2687 698 2730 obtinuit,
712 2685 971 2724 Elisabetham
1008 2699 1151 2737 nempe
1176 2686 1427 2724 Austriacam
1451 2682 1681 2721 Ferdinandi
1716 2681 1796 2717 Im·

248 2742 432 2789 peratoris
454 2740 602 2784 filiam,
628 2746 737 2789 cujus
762 2744 882 2791 pietas
905 2745 943 2779 δε
968 2744 1087 2780 virtus
1109 2770 1119 2786 ‚
1147 2743 1250 2779 Solis
1274 2741 1390 2778 inst-ar
1419 2750 1543 2776 totam
1568 2736 1724 2775 Italiam
1748 2735 1794 2771 il-

248 2795 433 2836 lustravit.
506 2797 634 2834 Potest
670 2799 789 2835 etiam
821 2798 899 2834 haec
931 2797 1223 2847 Hierogtaphia
1251 2796 1299 2834 ad
1332 2796 1470 2834 omnia
1501 2791 1793 2841 aliasnegotim

249 2863 295 2889 ae
308 2864 367 2891 res
390 2852 544 2903 quasvis
565 2853 734 2904 agendas
749 2881 761 2897 ,
793 2854 1142 2891 accommodari&
1167 2853 1364 2903 applicari.
1399 2852 1500 2900 Qis
1517 2851 1626 2887 enim
1645 2847 1696 2910 est
1709 2855 1797 2907 tam

1650 2911 1795 2950 impius
