1877 3277
591 341 951 392 CANDOR
1029 340 1375 391 ILLAESUS.

362 438 664 488 Vespertiliones
678 435 743 476 hic
756 439 953 481 inimicos,
970 437 1178 475 &invidos
1201 446 1357 476 notant.
1417 435 1519 472 Olor
1538 434 1744 484 Principis-

207 498 302 536 sam.
360 494 595 543 Vespertilio
609 505 737 542 neque
748 494 978 543 quadrupes,
991 504 1119 541 neque
1132 494 1213 531 avis
1231 493 1295 537 est,
1315 490 1513 540 utriusque
1525 501 1659 529 tamen
1673 504 1743 528 na-

205 565 299 591 turae
311 553 518 602 particeps:
541 550 656 587 Pedes
680 550 789 586 enlm
803 549 920 586 habet
933 561 976 586 ac
988 549 1121 586 dentes
1135 576 1146 592 ,
1160 558 1201 585 ut
1213 549 1295 586 alia:
1308 548 1592 597 quadrupedes,
1606 548 1744 596 pennis

206 605 432 658 plumisc'lue
443 615 562 643 caret:
582 604 733 642 Lucem
748 605 849 641 Solis
872 617 956 642 non
971 604 1054 648 fert,
1070 614 1268 654 propterea
1287 603 1430 653 vesperi
1450 603 1605 640 tantum
1619 615 1744 640 mem·

207 664 351 707 branis,
365 674 449 700 non
461 661 545 705 alis,
559 671 601 697 ut
613 661 693 698 avis
704 660 855 701 volitat.
884 660 1034 709 Cignus
1049 659 1240 703 albedine,
1256 661 1293 697 ὃς
1308 659 1481 696 candore
1494 669 1643 697 caeteras
1658 670 1746 696 aves

205 719 372 768 supetat.
429 717 611 769 Apollini
632 715 732 753 sacer
750 716 815 760 est,
829 715 851 752 ὸ.
870 727 954 765 quo
970 716 1257 753 divinationem
1271 715 1412 752 habere
1437 715 1604 752 videtur:
1637 717 1745 752 Nam

204 774 417 825 praevidens
431 773 524 821 quid
538 773 577 808 in
588 781 711 808 morte
725 771 766 808 fit
780 772 894 815 boni,
905 771 997 808 cum
1009 781 1127 808 cantu
1139 773 1176 808 δε
1195 771 1394 820 voluptate
1414 772 1589 808 moritur.
1612 770 1746 807 Musa-

205 842 296 868 rum
318 831 438 868 etiam
457 829 511 866 ob
537 839 700 866 cantum
720 828 798 865 ales
821 828 979 866 dicitur,
1005 839 1049 864 ac
1073 827 1170 864 boni
1191 826 1336 876 semper
1352 827 1404 863 est
1425 828 1586 872 ominis,
1611 827 1747 864 Ennio

206 886 321 924 teste:

476 937 643 1003 Cygnus
660 939 703 987 in
716 935 1083 1006 argffichjsſsmper
1093 935 1323 998 loetissimus
1334 937 1423 987 ales

502 1017 504 1020 ’
556 1011 687 1059 Hunc
696 1020 983 1073 optantmmtae,
995 1010 1097 1076 quia
1119 1009 1243 1074 nonſs
1256 1011 1411 1072 mergit
1422 1009 1465 1056 in
1476 1007 1610 1056 undis.

332 1082 388 1120 Vt
400 1076 493 1118 vero
506 1082 672 1117 eximius
683 1081 832 1117 candor
844 1081 987 1130 Cygni,
999 1080 1019 1117 ἰι
1034 1079 1252 1130 vespertinis
1269 1081 1437 1125 tenebris
1450 1079 1646 1117 obscurari
1661 1090 1747 1116 non

206 1137 352 1188 potest,
382 1132 595 1184 multoque
619 1137 750 1173 niinus
770 1135 791 1172 ri
814 1137 1221 1173 circumvolitantibus
1242 1135 1596 1184 vespertilionibus:
1630 1136 1686 1172 Ita
1707 1137 1746 1171 <Sc

205 1194 311 1231 istius
327 1192 554 1240 Principissae
565 1193 689 1229 animi
705 1193 868 1236 candor,
882 1202 1018 1237 contra
1043 1191 1304 1240 perversorum
1319 1193 1599 1237 &invidorum
1614 1191 1748 1228 homi-

204 1260 306 1286 num
317 1247 478 1284 technas
496 1246 632 1284 illaesus
647 1258 868 1296 permanet:
892 1260 1020 1295 neque
1037 1249 1187 1293 injurijs
1201 1258 1268 1285 aut
1280 1248 1487 1295 calumnijs
1502 1246 1665 1291 offendi,
1680 1255 1748 1284 aut

205 1301 454 1352 laedipotest.‘
498 1303 638 1352 Magni
653 1302 830 1351 profecto
845 1305 969 1340 animi
990 1304 1179 1340 indicium
1193 1303 1268 1347 est,
1292 1305 1451 1349 injurias
1475 1305 1513 1340 ὅ(
1527 1303 1747 1340 calumnias

204 1369 475 1402 contemnere,
491 1370 535 1395 ac
548 1359 783 1396 innocentiae
797 1359 904 1397 scuto
918 1361 1106 1408 excipere,
1122 1357 1416 1408 vindictanirfiue
1431 1360 1521 1395 Deo
1541 1357 1614 1396 soli
1635 1358 1748 1395 relin-

204 1426 335 1464 quere.
398 1415 591 1452 Narratur
603 1413 650 1451 de
664 1415 769 1452 Iulio
783 1414 942 1458 Caesarc,
957 1415 1067 1462 quod
1081 1414 1278 1451 nullarum
1292 1427 1421 1451 rerum
1446 1415 1598 1452 oblivio
1624 1425 1748 1462 quam

204 1471 442 1518 injuriarum
455 1469 569 1506 illum
582 1481 716 1519 capere
731 1480 893 1520 poterat,
912 1471 965 1507 ob
988 1482 1112 1518 quam
1137 1469 1294 1507 causam
1312 1469 1334 1506 ὲ
1349 1470 1482 1506 multis
1497 1470 1595 1507 olim
1617 1469 1748 1519 philo-

204 1525 530 1576 sophislaudatus
543 1524 630 1569 fuit,
656 1526 776 1575 &pro
790 1527 1052 1576 magnanimo
1076 1526 1245 1563 habitus.
1302 1527 1423 1563 Nunc
1448 1526 1600 1563 nobiles
1622 1526 1705 1569 viri,
1721 1523 1748 1560 si

203 1583 350 1620 inultas
363 1582 522 1629 injurias
533 1580 772 1630 relinquant,
787 1582 823 1619 se
835 1594 906 1631 pro
919 1582 1076 1627 abjectis
1101 1581 1235 1619 haberi
1249 1583 1476 1630 opinantur,
1491 1591 1598 1618 tanta
1610 1580 1660 1617 est
1673 1580 1746 1616 bu-

203 1641 264 1686 jus
277 1637 404 1681 seculi,
420 1638 460 1672 in
473 1636 736 1681 dijudicandis
749 1640 864 1675 rebus
888 1639 984 1675 veris
1004 1637 1025 1674 a
1039 1636 1141 1674 falfls
1164 1638 1312 1687 caligo:
1337 1636 1483 1674 Verum
1499 1637 1578 1674 haec
1602 1636 1745 1673 Princi-

202 1693 297 1744 pissa
308 1692 383 1730 hac
395 1692 737 1742 Hierographia,se
748 1692 982 1743 praestantiuS
996 1693 1070 1730 hac
1082 1693 1130 1730 de
1139 1704 1177 1729 re
1187 1693 1529 1740 haberejudicium
1542 1692 1719 1730 ostendit.

408 1804 622 1876 QVIS
699 1805 1139 1879 NOSTRQS
1202 1806 1552 1884 'EXPIET

825 1902 1064 1949 towns.

354 1975 456 2014 Non
469 1976 634 2014 dubium
647 1976 711 2017 est,
725 1978 821 2026 quin
837 1977 1019 2021 isteDmr,
1035 1977 1130 2015 dum
1145 1979 1209 2021 ait,
1232 1979 1349 2028 QVI
1366 1977 1389 2014 S
1423 1977 1461 2015 N
1476 1978 1512 2014 O
1531 1978 1553 2014 S
1566 1978 1601 2014 T
1616 1978 1650 2013 R
1670 1976 1706 2012 O
1721 1976 1744 2012 S

200 2032 231 2069 E
245 2031 279 2068 X
291 2031 434 2085 P1ET
472 2033 486 2068 I
503 2032 586 2070 GN
603 2034 629 2069 E
645 2034 667 2069 S
682 2061 692 2077 ,
726 2034 871 2070 amoris
900 2034 1007 2082 ignes
1029 2036 1066 2070 ὃ(
1082 2033 1263 2070 flammas
1285 2034 1493 2083 intelligat:
1520 2033 1582 2069 Ac
1613 2033 1746 2069 amica:

201 2085 490 2136 suaeingeniose
504 2084 874 2138 hac‘Hierograpbia
895 2087 1092 2137 significen
1108 2090 1219 2137 (cum
1235 2090 1404 2126 fortassis
1429 2090 1513 2135 alijs
1527 2088 1746 2125 rationibus

199 2141 382 2193 praeclusa
408 2142 616 2191 illifitvia)
641 2156 762 2192 quam
787 2144 1036 2182 vehementer
1060 2144 1162 2181 illius
1177 2156 1315 2182 amore
1338 2145 1485 2193 flagret,
1508 2141 1746 2191 qilantiselue

199 2198 387 2241 flammis,
401 2210 499 2245 quas
513 2211 564 2236 ne
580 2200 765 2237 Oceanus
777 2200 937 2247 quidem
949 2201 1167 2249 extingvere
1180 2199 1311 2249 possit,
1327 2201 1467 2236 ardeat.
1527 2200 1747 2247 Compar-at

197 2255 307 2290 enim
321 2255 468 2291 amoris
479 2255 785 2298 vehementiam,
814 2255 988 2292 AEthnae
1002 2266 1068 2292 aut
1079 2256 1206 2292 Heclae
1218 2258 1368 2292 montis
1385 2255 1568 2298 flammis,
1583 2267 1669 2301 qua:
1683 2266 1745 2302 pe-

197 2321 349 2351 rennes,
381 2311 419 2346 &
436 2320 636 2359 perpemae,
653 2323 743 2359 neq3
764 2311 812 2347 ab
834 2312 959 2347 imbre
972 2322 1099 2359 neque
1119 2312 1231 2353 mari,
1247 2321 1314 2348 aut
1335 2311 1458 2348 fluvio
1471 2312 1641 2360 extingvi
1659 2309 1736 2359 pos

198 2364 503 2413 sunt‚tantac'1ue
515 2367 552 2404 vi
569 2364 658 2404 saxa
673 2368 846 2416 ingentia
858 2365 1034 2404 crustant
1047 2394 1057 2409 ,
1084 2377 1126 2403 ut
1143 2367 1191 2404 ad
1210 2367 1363 2414 aliquot
1385 2367 1567 2408 miliaria,
1584 2368 1683 2415 ignis
1709 2366 1746 2402 vi

198 2420 467 2468 proiiciantur.
522 2421 728 2471 Eleganter
751 2424 911 2459 omnia3
932 2423 994 2459 vix
1020 2423 1125 2458 enim
1150 2424 1294 2458 amoris
1320 2424 1407 2471 igne
1427 2424 1463 2458 ὃ(
1480 2422 1649 2458 flammis
1662 2422 1745 2457 alia:

197 2477 371 2521 majores
385 2473 454 2512 effe
469 2476 634 2524 possunt.
663 2478 810 2527 thote
830 2490 915 2526 quae
928 2476 1238 2514 microcosmum
1263 2479 1529 2521 consumunt,
1553 2478 1589 2513 in
1612 2477 1744 2514 tabem

197 2530 391 2579 redigunt,
407 2542 451 2567 ac
465 2530 580 2578 plane
595 2543 772 2570 exurunt:
830 2532 1004 2570 Primum
1027 2534 1134 2569 enim
1150 2543 1327 2570 amantes
1349 2533 1478 2575 tristes,
1505 2532 1642 2577 abjefti
1659 2533 1744 2568 ani-

196 2587 267 2628 mi,
282 2596 326 2622 ac
339 2587 526 2635 pallentes
538 2586 652 2630 fiunt,
672 2586 880 2638 longisque
893 2588 1055 2637 suspirijs
1069 2589 1188 2626 vitam
1205 2589 1380 2631 trahunt,
1396 2586 1636 2635 tandemque
1651 2600 1743 2635 pau-

196 2640 308 2677 latim
332 2640 511 2679 miseram
533 2644 654 2680 vitam
668 2655 802 2694 agunt,
818 2656 861 2680 ac
874 2642 1135 2681 extabescunt.
1190 2644 1235 2682 Id
1255 2645 1359 2693 apud
1385 2645 1566 2680 Plautum
1589 2643 1744 2680 testatur

198 2695 439 2741 adolescens,
453 2697 548 2734 dum
567 2700 642 2734 ait:

473 2750 643 2818 Jac<21023
656 2754 822 2811 crucior,
835 2757 982 2818 agitor,
994 2751 1215 2820 stimulor,
1230 2755 1370 2811 verffir
1381 2756 1423 2802 in
1440 2753 1599 2801 amoris

482 2825 590 2872 Rota
606 2826 744 2889 mfi‘r,
766 2829 1001 2882 exanimor,
999 2826 1140 2889 ftror,
1154 2822 1339 2889 dff’mr,
1353 2823 1572 2891 distrahor,

481 2895 691 2959 Dimffbr,
706 2897 766 2943 ita
785 2894 949 2944 nnllam
964 2908 1152 2944 mentem
1166 2896 1305 2943 animi
1318 2895 1454 2953 habeo,
1469 2894 1659 2959 ubistmz,

1570 2962 1638 3013 Ibi
1666 2982 1742 3010 von
