<?xml version="1.0" encoding="UTF-8"?>
<!DOCTYPE html PUBLIC "-//W3C//DTD XHTML 1.0 Transitional//EN"
    "http://www.w3.org/TR/xhtml1/DTD/xhtml1-transitional.dtd">
<html xmlns="http://www.w3.org/1999/xhtml" xml:lang="en" lang="en">
 <head>
  <title>
</title>
<meta http-equiv="Content-Type" content="text/html;charset=utf-8" />
  <meta name='ocr-system' content='tesseract 3.04.00' />
  <meta name='ocr-capabilities' content='ocr_page ocr_carea ocr_par ocr_line ocrx_word'/>
</head>
<body>
  <div class='ocr_page' id='page_1' title='image "./diuinahumanapont00typo_0477.png"; bbox 0 0 1877 3277; ppageno 0'>
   <div class='ocr_carea' id='block_1_1' title="bbox 1555 234 1633 280">
    <p class='ocr_par' dir='ltr' id='par_1_1' title="bbox 1555 234 1633 280">
     <span class='ocr_line' id='line_1_1' title="bbox 1555 234 1633 280; baseline 0 0"><span class='ocrx_word' id='word_1_1' title='bbox 1555 234 1633 280; x_wconf 75' lang='lat'>39·</span> 
     </span>
    </p>
   </div>
   <div class='ocr_carea' id='block_1_2' title="bbox 101 279 1635 613">
    <p class='ocr_par' dir='ltr' id='par_1_2' title="bbox 101 279 1635 613">
     <span class='ocr_line' id='line_1_2' title="bbox 102 279 1635 336; baseline 0 -12"><span class='ocrx_word' id='word_1_2' title='bbox 102 284 392 336; x_wconf 80' lang='lat' dir='ltr'>pubinmtitur,</span> <span class='ocrx_word' id='word_1_3' title='bbox 416 282 700 334; x_wconf 80' lang='lat' dir='ltr'>aggrediuntur.</span> <span class='ocrx_word' id='word_1_4' title='bbox 758 285 872 335; x_wconf 85' lang='lat' dir='ltr'>Qos</span> <span class='ocrx_word' id='word_1_5' title='bbox 894 283 1027 333; x_wconf 87' lang='lat' dir='ltr'>itaque</span> <span class='ocrx_word' id='word_1_6' title='bbox 1039 279 1125 332; x_wconf 81' lang='lat' dir='ltr'>ipsa</span> <span class='ocrx_word' id='word_1_7' title='bbox 1154 290 1293 322; x_wconf 80' lang='lat' dir='ltr'>natura</span> <span class='ocrx_word' id='word_1_8' title='bbox 1315 284 1475 322; x_wconf 84' lang='lat' dir='ltr'>retinere</span> <span class='ocrx_word' id='word_1_9' title='bbox 1503 286 1545 323; x_wconf 92' lang='lat' dir='ltr'>in</span> <span class='ocrx_word' id='word_1_10' title='bbox 1572 287 1635 324; x_wconf 90' lang='lat' dir='ltr'>of-</span> 
     </span>
     <span class='ocr_line' id='line_1_3' title="bbox 104 315 1579 389; baseline -0.002 -9"><span class='ocrx_word' id='word_1_11' title='bbox 104 341 197 381; x_wconf 85' lang='lat' dir='ltr'>ficio</span> <span class='ocrx_word' id='word_1_12' title='bbox 217 351 302 377; x_wconf 89' lang='lat' dir='ltr'>non</span> <span class='ocrx_word' id='word_1_13' title='bbox 325 315 464 388; x_wconf 47' lang='lat' dir='ltr'>potest?</span> <span class='ocrx_word' id='word_1_14' title='bbox 481 341 504 387; x_wconf 92' lang='lat' dir='ltr'>ij</span> <span class='ocrx_word' id='word_1_15' title='bbox 530 339 801 389; x_wconf 79' lang='lat' dir='ltr'>magnitudine</span> <span class='ocrx_word' id='word_1_16' title='bbox 822 351 960 389; x_wconf 88' lang='lat' dir='ltr'>poenae,</span> <span class='ocrx_word' id='word_1_17' title='bbox 981 339 1179 377; x_wconf 85' lang='lat' dir='ltr'>maleficio</span> <span class='ocrx_word' id='word_1_18' title='bbox 1199 339 1457 378; x_wconf 84' lang='lat' dir='ltr'>submovendi</span> <span class='ocrx_word' id='word_1_19' title='bbox 1478 340 1579 379; x_wconf 89' lang='lat' dir='ltr'>sunt.</span> 
     </span>
     <span class='ocr_line' id='line_1_4' title="bbox 105 380 1633 445; baseline 0 -11"><span class='ocrx_word' id='word_1_20' title='bbox 105 397 222 435; x_wconf 84' lang='lat' dir='ltr'>sicuti</span> <span class='ocrx_word' id='word_1_21' title='bbox 242 396 283 433; x_wconf 87' lang='lat' dir='ltr'>in</span> <span class='ocrx_word' id='word_1_22' title='bbox 312 406 501 444; x_wconf 89' lang='lat' dir='ltr'>corpore,</span> <span class='ocrx_word' id='word_1_23' title='bbox 525 395 552 432; x_wconf 84' lang='lat' dir='ltr'><strong>fi</strong></span> <span class='ocrx_word' id='word_1_24' title='bbox 574 380 670 443; x_wconf 57' lang='lat' dir='ltr'>quid</span> <span class='ocrx_word' id='word_1_25' title='bbox 690 394 882 442; x_wconf 85' lang='lat' dir='ltr'>ejusmodi</span> <span class='ocrx_word' id='word_1_26' title='bbox 905 395 956 432; x_wconf 88' lang='lat' dir='ltr'>est</span> <span class='ocrx_word' id='word_1_27' title='bbox 980 395 1089 443; x_wconf 89' lang='lat' dir='ltr'>quod</span> <span class='ocrx_word' id='word_1_28' title='bbox 1108 395 1261 444; x_wconf 88' lang='lat' dir='ltr'>reliquo</span> <span class='ocrx_word' id='word_1_29' title='bbox 1286 397 1443 445; x_wconf 84' lang='lat' dir='ltr'>corpori</span> <span class='ocrx_word' id='word_1_30' title='bbox 1465 405 1606 434; x_wconf 86' lang='lat' dir='ltr'>noceat</span> <span class='ocrx_word' id='word_1_31' title='bbox 1621 424 1633 441; x_wconf 87' lang='lat'><em>,</em></span> 
     </span>
     <span class='ocr_line' id='line_1_5' title="bbox 103 449 1634 500; baseline 0 -11"><span class='ocrx_word' id='word_1_32' title='bbox 103 452 159 489; x_wconf 87' lang='lat' dir='ltr'>uri</span> <span class='ocrx_word' id='word_1_33' title='bbox 179 460 246 488; x_wconf 87' lang='lat' dir='ltr'>aut</span> <span class='ocrx_word' id='word_1_34' title='bbox 269 449 385 487; x_wconf 87' lang='lat' dir='ltr'>secari</span> <span class='ocrx_word' id='word_1_35' title='bbox 405 451 596 499; x_wconf 88' lang='lat' dir='ltr'>patimur,</span> <span class='ocrx_word' id='word_1_36' title='bbox 622 459 665 487; x_wconf 90' lang='lat' dir='ltr'>ut</span> <span class='ocrx_word' id='word_1_37' title='bbox 692 451 962 488; x_wconf 86' lang='lat' dir='ltr'>membrorum</span> <span class='ocrx_word' id='word_1_38' title='bbox 986 451 1132 498; x_wconf 86' lang='lat' dir='ltr'>aliquid</span> <span class='ocrx_word' id='word_1_39' title='bbox 1157 452 1312 500; x_wconf 82' lang='lat' dir='ltr'>potius,</span> <span class='ocrx_word' id='word_1_40' title='bbox 1344 449 1467 500; x_wconf 67' lang='lat' dir='ltr'>quam</span> <span class='ocrx_word' id='word_1_41' title='bbox 1500 461 1634 490; x_wconf 88' lang='lat' dir='ltr'>totum</span> 
     </span>
     <span class='ocr_line' id='line_1_6' title="bbox 103 504 1634 558; baseline 0.001 -13"><span class='ocrx_word' id='word_1_42' title='bbox 103 517 245 556; x_wconf 85' lang='lat' dir='ltr'>corpus</span> <span class='ocrx_word' id='word_1_43' title='bbox 265 507 443 543; x_wconf 84' lang='lat' dir='ltr'>intereat:</span> <span class='ocrx_word' id='word_1_44' title='bbox 465 505 516 542; x_wconf 88' lang='lat' dir='ltr'>fic</span> <span class='ocrx_word' id='word_1_45' title='bbox 532 507 573 543; x_wconf 91' lang='lat' dir='ltr'>in</span> <span class='ocrx_word' id='word_1_46' title='bbox 584 507 732 554; x_wconf 89' lang='lat' dir='ltr'>reipub.</span> <span class='ocrx_word' id='word_1_47' title='bbox 745 517 924 556; x_wconf 83' lang='lat' dir='ltr'>corpore,</span> <span class='ocrx_word' id='word_1_48' title='bbox 939 516 982 544; x_wconf 90' lang='lat' dir='ltr'>ut</span> <span class='ocrx_word' id='word_1_49' title='bbox 993 515 1124 545; x_wconf 89' lang='lat' dir='ltr'>totum</span> <span class='ocrx_word' id='word_1_50' title='bbox 1137 505 1288 550; x_wconf 85' lang='lat' dir='ltr'>salvum</span> <span class='ocrx_word' id='word_1_51' title='bbox 1309 504 1366 552; x_wconf 81' lang='lat' dir='ltr'>fit,</span> <span class='ocrx_word' id='word_1_52' title='bbox 1380 508 1569 558; x_wconf 81' lang='lat' dir='ltr'>quicquid</span> <span class='ocrx_word' id='word_1_53' title='bbox 1580 506 1634 546; x_wconf 86' lang='lat' dir='ltr'>est</span> 
     </span>
     <span class='ocr_line' id='line_1_7' title="bbox 101 561 680 613; baseline -0.003 -13"><span class='ocrx_word' id='word_1_54' title='bbox 101 561 322 613; x_wconf 83' lang='lat' dir='ltr'>pestiferum</span> <span class='ocrx_word' id='word_1_55' title='bbox 341 562 536 611; x_wconf 87' lang='lat' dir='ltr'>amputari</span> <span class='ocrx_word' id='word_1_56' title='bbox 557 561 680 605; x_wconf 83' lang='lat' dir='ltr'>deber.</span> 
     </span>
    </p>
   </div>
   <div class='ocr_carea' id='block_1_3' title="bbox 339 672 1408 726">
    <p class='ocr_par' dir='ltr' id='par_1_3' title="bbox 339 672 1408 726">
     <span class='ocr_line' id='line_1_8' title="bbox 339 672 1408 726; baseline 0 -2"><span class='ocrx_word' id='word_1_57' title='bbox 339 673 448 724; x_wconf 93' lang='lat' dir='ltr'>IN</span> <span class='ocrx_word' id='word_1_58' title='bbox 523 672 989 724; x_wconf 88' lang='lat' dir='ltr'>VIRTUTE</span> <span class='ocrx_word' id='word_1_59' title='bbox 1067 674 1259 724; x_wconf 91' lang='lat' dir='ltr'><strong>TUA.</strong></span> <span class='ocrx_word' id='word_1_60' title='bbox 1336 675 1408 726; x_wconf 90' lang='lat' dir='ltr'>N.</span> 
     </span>
    </p>
   </div>
   <div class='ocr_carea' id='block_1_4' title="bbox 95 777 1633 1538">
    <p class='ocr_par' dir='ltr' id='par_1_4' title="bbox 95 777 1633 1538">
     <span class='ocr_line' id='line_1_9' title="bbox 249 777 1632 829; baseline 0.003 -13"><span class='ocrx_word' id='word_1_61' title='bbox 249 779 535 829; x_wconf 78' lang='lat' dir='ltr'>Hierographia</span> <span class='ocrx_word' id='word_1_62' title='bbox 562 778 642 817; x_wconf 83' lang='lat' dir='ltr'>haec</span> <span class='ocrx_word' id='word_1_63' title='bbox 663 780 822 822; x_wconf 85' lang='lat' dir='ltr'>nomini</span> <span class='ocrx_word' id='word_1_64' title='bbox 842 777 913 817; x_wconf 90' lang='lat' dir='ltr'>suo</span> <span class='ocrx_word' id='word_1_65' title='bbox 937 780 1142 818; x_wconf 84' lang='lat' dir='ltr'>convenit:</span> <span class='ocrx_word' id='word_1_66' title='bbox 1159 781 1273 818; x_wconf 81' lang='lat' dir='ltr'>Sacra</span> <span class='ocrx_word' id='word_1_67' title='bbox 1294 783 1402 819; x_wconf 88' lang='lat' dir='ltr'>enim</span> <span class='ocrx_word' id='word_1_68' title='bbox 1428 779 1492 826; x_wconf 87' lang='lat' dir='ltr'>est,</span> <span class='ocrx_word' id='word_1_69' title='bbox 1520 783 1632 821; x_wconf 85' lang='lat' dir='ltr'>aevi·</span> 
     </span>
     <span class='ocr_line' id='line_1_10' title="bbox 99 834 1633 886; baseline 0.002 -13"><span class='ocrx_word' id='word_1_70' title='bbox 99 834 263 873; x_wconf 73' lang='lat' dir='ltr'>storiam</span> <span class='ocrx_word' id='word_1_71' title='bbox 276 847 440 872; x_wconf 89' lang='lat' dir='ltr'>omnem</span> <span class='ocrx_word' id='word_1_72' title='bbox 454 836 608 872; x_wconf 86' lang='lat' dir='ltr'>numini</span> <span class='ocrx_word' id='word_1_73' title='bbox 622 834 886 873; x_wconf 84' lang='lat' dir='ltr'>ascribendam</span> <span class='ocrx_word' id='word_1_74' title='bbox 899 834 970 872; x_wconf 80' lang='lat' dir='ltr'>ess‘e</span> <span class='ocrx_word' id='word_1_75' title='bbox 991 836 1118 873; x_wconf 86' lang='lat' dir='ltr'>docet:</span> <span class='ocrx_word' id='word_1_76' title='bbox 1185 836 1291 886; x_wconf 80' lang='lat' dir='ltr'>Qd</span> <span class='ocrx_word' id='word_1_77' title='bbox 1311 839 1418 875; x_wconf 89' lang='lat' dir='ltr'>enim</span> <span class='ocrx_word' id='word_1_78' title='bbox 1431 837 1540 875; x_wconf 82' lang='lat' dir='ltr'>aliud</span> <span class='ocrx_word' id='word_1_79' title='bbox 1563 838 1633 876; x_wconf 86' lang='lat' dir='ltr'>de-</span> 
     </span>
     <span class='ocr_line' id='line_1_11' title="bbox 101 886 1632 940; baseline 0.002 -12"><span class='ocrx_word' id='word_1_80' title='bbox 101 889 416 940; x_wconf 82' lang='lat' dir='ltr'>fignatur‚quam</span> <span class='ocrx_word' id='word_1_81' title='bbox 436 890 514 927; x_wconf 76' lang='lat' dir='ltr'>haec</span> <span class='ocrx_word' id='word_1_82' title='bbox 546 892 698 928; x_wconf 83' lang='lat' dir='ltr'>oratio?</span> <span class='ocrx_word' id='word_1_83' title='bbox 739 891 777 927; x_wconf 89' lang='lat' dir='ltr'>O</span> <span class='ocrx_word' id='word_1_84' title='bbox 805 902 897 928; x_wconf 85' lang='lat' dir='ltr'>crux</span> <span class='ocrx_word' id='word_1_85' title='bbox 944 891 1022 929; x_wconf 90' lang='lat' dir='ltr'>IN</span> <span class='ocrx_word' id='word_1_86' title='bbox 1059 892 1097 930; x_wconf 92' lang='lat' dir='ltr'>V</span> <span class='ocrx_word' id='word_1_87' title='bbox 1121 892 1136 928; x_wconf 94' lang='lat'>1</span> <span class='ocrx_word' id='word_1_88' title='bbox 1160 893 1246 933; x_wconf 87' lang='lat' dir='ltr'>RT</span> <span class='ocrx_word' id='word_1_89' title='bbox 1271 892 1308 930; x_wconf 87' lang='lat' dir='ltr'>V</span> <span class='ocrx_word' id='word_1_90' title='bbox 1331 893 1368 929; x_wconf 90' lang='lat' dir='ltr'>T</span> <span class='ocrx_word' id='word_1_91' title='bbox 1391 893 1420 929; x_wconf 89' lang='lat' dir='ltr'><strong>E</strong></span> <span class='ocrx_word' id='word_1_92' title='bbox 1457 894 1492 931; x_wconf 91' lang='lat' dir='ltr'>T</span> <span class='ocrx_word' id='word_1_93' title='bbox 1516 886 1554 931; x_wconf 97' lang='lat' dir='ltr'>V</span> <span class='ocrx_word' id='word_1_94' title='bbox 1579 891 1632 931; x_wconf 90' lang='lat' dir='ltr'>A.</span> 
     </span>
     <span class='ocr_line' id='line_1_12' title="bbox 99 942 1632 997; baseline 0.003 -16"><span class='ocrx_word' id='word_1_95' title='bbox 99 942 272 986; x_wconf 74' lang='lat' dir='ltr'>leAn.</span> <span class='ocrx_word' id='word_1_96' title='bbox 301 946 341 983; x_wconf 86' lang='lat' dir='ltr'>id</span> <span class='ocrx_word' id='word_1_97' title='bbox 357 946 408 983; x_wconf 92' lang='lat' dir='ltr'>est</span> <span class='ocrx_word' id='word_1_98' title='bbox 429 947 570 991; x_wconf 85' lang='lat' dir='ltr'>vinco,</span> <span class='ocrx_word' id='word_1_99' title='bbox 595 958 640 984; x_wconf 86' lang='lat' dir='ltr'>ac</span> <span class='ocrx_word' id='word_1_100' title='bbox 663 947 704 983; x_wconf 90' lang='lat' dir='ltr'>in</span> <span class='ocrx_word' id='word_1_101' title='bbox 727 945 898 985; x_wconf 66' lang='lat' dir='ltr'>vi&amp;oriae</span> <span class='ocrx_word' id='word_1_102' title='bbox 922 944 1075 997; x_wconf 78' lang='lat' dir='ltr'>signum</span> <span class='ocrx_word' id='word_1_103' title='bbox 1108 946 1305 984; x_wconf 85' lang='lat' dir='ltr'>Lauream</span> <span class='ocrx_word' id='word_1_104' title='bbox 1328 954 1521 986; x_wconf 79' lang='lat' dir='ltr'>coronam</span> <span class='ocrx_word' id='word_1_105' title='bbox 1534 953 1632 986; x_wconf 77' lang='lat' dir='ltr'>con-</span> 
     </span>
     <span class='ocr_line' id='line_1_13' title="bbox 101 1000 1631 1053; baseline 0.001 -14"><span class='ocrx_word' id='word_1_106' title='bbox 101 1001 248 1050; x_wconf 86' lang='lat' dir='ltr'>sequar:</span> <span class='ocrx_word' id='word_1_107' title='bbox 322 1001 456 1044; x_wconf 87' lang='lat' dir='ltr'><strong>Crucis</strong></span> <span class='ocrx_word' id='word_1_108' title='bbox 479 1003 587 1039; x_wconf 85' lang='lat' dir='ltr'>enim</span> <span class='ocrx_word' id='word_1_109' title='bbox 607 1001 718 1051; x_wconf 82' lang='lat' dir='ltr'>signo</span> <span class='ocrx_word' id='word_1_110' title='bbox 741 1014 825 1039; x_wconf 92' lang='lat' dir='ltr'>non</span> <span class='ocrx_word' id='word_1_111' title='bbox 850 1001 978 1039; x_wconf 85' lang='lat' dir='ltr'>solum</span> <span class='ocrx_word' id='word_1_112' title='bbox 1009 1002 1201 1040; x_wconf 79' lang='lat' dir='ltr'>Sathanas</span> <span class='ocrx_word' id='word_1_113' title='bbox 1234 1000 1395 1053; x_wconf 85' lang='lat' dir='ltr'>eiusque</span> <span class='ocrx_word' id='word_1_114' title='bbox 1424 1003 1631 1042; x_wconf 82' lang='lat' dir='ltr'>machina-</span> 
     </span>
     <span class='ocr_line' id='line_1_14' title="bbox 96 1055 1631 1107; baseline 0.001 -13"><span class='ocrx_word' id='word_1_115' title='bbox 96 1059 223 1094; x_wconf 89' lang='lat' dir='ltr'>tiones</span> <span class='ocrx_word' id='word_1_116' title='bbox 277 1058 526 1101; x_wconf 76' lang='lat' dir='ltr'>coercentur:</span> <span class='ocrx_word' id='word_1_117' title='bbox 573 1057 648 1095; x_wconf 86' lang='lat' dir='ltr'>Sed</span> <span class='ocrx_word' id='word_1_118' title='bbox 688 1058 807 1095; x_wconf 87' lang='lat' dir='ltr'>etiam</span> <span class='ocrx_word' id='word_1_119' title='bbox 848 1056 978 1095; x_wconf 85' lang='lat' dir='ltr'>hostes</span> <span class='ocrx_word' id='word_1_120' title='bbox 1013 1055 1257 1107; x_wconf 81' lang='lat' dir='ltr'>superantur,</span> <span class='ocrx_word' id='word_1_121' title='bbox 1310 1069 1354 1102; x_wconf 87' lang='lat' dir='ltr'>ut</span> <span class='ocrx_word' id='word_1_122' title='bbox 1389 1059 1523 1096; x_wconf 87' lang='lat' dir='ltr'>multis</span> <span class='ocrx_word' id='word_1_123' title='bbox 1559 1070 1631 1096; x_wconf 81' lang='lat' dir='ltr'>au-</span> 
     </span>
     <span class='ocr_line' id='line_1_15' title="bbox 99 1104 1632 1162; baseline 0.001 -12"><span class='ocrx_word' id='word_1_124' title='bbox 99 1113 278 1150; x_wconf 84' lang='lat' dir='ltr'>thoribus</span> <span class='ocrx_word' id='word_1_125' title='bbox 300 1113 553 1161; x_wconf 84' lang='lat' dir='ltr'>comprobari</span> <span class='ocrx_word' id='word_1_126' title='bbox 582 1113 721 1162; x_wconf 88' lang='lat' dir='ltr'>potest.</span> <span class='ocrx_word' id='word_1_127' title='bbox 794 1113 1044 1162; x_wconf 82' lang='lat' dir='ltr'>Nicephorus</span> <span class='ocrx_word' id='word_1_128' title='bbox 1064 1115 1171 1158; x_wconf 81' lang='lat' dir='ltr'>enim</span> <span class='ocrx_word' id='word_1_129' title='bbox 1198 1113 1508 1157; x_wconf 83' lang='lat' dir='ltr'>Constantinum</span> <span class='ocrx_word' id='word_1_130' title='bbox 1540 1104 1632 1151; x_wconf 87' lang='lat' dir='ltr'>Ma-</span> 
     </span>
     <span class='ocr_line' id='line_1_16' title="bbox 97 1167 1633 1219; baseline 0.002 -15"><span class='ocrx_word' id='word_1_131' title='bbox 97 1180 245 1219; x_wconf 82' lang='lat' dir='ltr'>gnum,</span> <span class='ocrx_word' id='word_1_132' title='bbox 280 1167 428 1205; x_wconf 87' lang='lat' dir='ltr'>bellum</span> <span class='ocrx_word' id='word_1_133' title='bbox 458 1178 595 1206; x_wconf 87' lang='lat' dir='ltr'>contra</span> <span class='ocrx_word' id='word_1_134' title='bbox 630 1169 873 1219; x_wconf 82' lang='lat' dir='ltr'>Byzantinos</span> <span class='ocrx_word' id='word_1_135' title='bbox 894 1179 1111 1219; x_wconf 83' lang='lat' dir='ltr'>gerentem,</span> <span class='ocrx_word' id='word_1_136' title='bbox 1139 1171 1177 1207; x_wconf 68' lang='grc' dir='ltr'>ὅς</span> <span class='ocrx_word' id='word_1_137' title='bbox 1201 1172 1282 1217; x_wconf 81' lang='lat' dir='ltr'>jam</span> <span class='ocrx_word' id='word_1_138' title='bbox 1307 1170 1366 1206; x_wconf 89' lang='lat' dir='ltr'>bis</span> <span class='ocrx_word' id='word_1_139' title='bbox 1389 1170 1560 1214; x_wconf 69' lang='lat' dir='ltr'>vietum,</span> <span class='ocrx_word' id='word_1_140' title='bbox 1589 1169 1633 1207; x_wconf 87' lang='lat' dir='ltr'>in</span> 
     </span>
     <span class='ocr_line' id='line_1_17' title="bbox 98 1223 1632 1274; baseline 0.001 -14"><span class='ocrx_word' id='word_1_141' title='bbox 98 1224 204 1261; x_wconf 87' lang='lat' dir='ltr'>coelo</span> <span class='ocrx_word' id='word_1_142' title='bbox 227 1235 381 1261; x_wconf 89' lang='lat' dir='ltr'>crucem</span> <span class='ocrx_word' id='word_1_143' title='bbox 414 1223 528 1262; x_wconf 86' lang='lat' dir='ltr'>stellis</span> <span class='ocrx_word' id='word_1_144' title='bbox 550 1224 787 1268; x_wconf 86' lang='lat' dir='ltr'>formatam,</span> <span class='ocrx_word' id='word_1_145' title='bbox 812 1223 887 1261; x_wconf 85' lang='lat' dir='ltr'>hac</span> <span class='ocrx_word' id='word_1_146' title='bbox 917 1224 1167 1274; x_wconf 86' lang='lat' dir='ltr'>inscriptione</span> <span class='ocrx_word' id='word_1_147' title='bbox 1212 1226 1229 1262; x_wconf 90' lang='grc' dir='ltr'><strong>Ι</strong></span> <span class='ocrx_word' id='word_1_148' title='bbox 1254 1225 1295 1262; x_wconf 92' lang='lat' dir='ltr'>N</span> <span class='ocrx_word' id='word_1_149' title='bbox 1338 1225 1375 1262; x_wconf 95' lang='lat' dir='ltr'><strong>H</strong></span> <span class='ocrx_word' id='word_1_150' title='bbox 1399 1226 1436 1262; x_wconf 90' lang='grc' dir='ltr'>Ο</span> <span class='ocrx_word' id='word_1_151' title='bbox 1462 1224 1497 1262; x_wconf 91' lang='lat' dir='ltr'>C</span> <span class='ocrx_word' id='word_1_152' title='bbox 1545 1225 1568 1262; x_wconf 93' lang='lat' dir='ltr'>S</span> <span class='ocrx_word' id='word_1_153' title='bbox 1593 1225 1632 1262; x_wconf 87' lang='lat'>1·</span> 
     </span>
     <span class='ocr_line' id='line_1_18' title="bbox 99 1277 1633 1329; baseline 0 -13"><span class='ocrx_word' id='word_1_154' title='bbox 99 1280 134 1316; x_wconf 90' lang='lat' dir='ltr'>G</span> <span class='ocrx_word' id='word_1_155' title='bbox 153 1281 191 1317; x_wconf 92' lang='lat' dir='ltr'>N</span> <span class='ocrx_word' id='word_1_156' title='bbox 218 1280 256 1316; x_wconf 95' lang='lat' dir='ltr'>O</span> <span class='ocrx_word' id='word_1_157' title='bbox 300 1279 339 1315; x_wconf 95' lang='lat' dir='ltr'>V</span> <span class='ocrx_word' id='word_1_158' title='bbox 363 1280 378 1316; x_wconf 89' lang='grc' dir='ltr'>Ι</span> <span class='ocrx_word' id='word_1_159' title='bbox 401 1280 439 1317; x_wconf 90' lang='lat' dir='ltr'>N</span> <span class='ocrx_word' id='word_1_160' title='bbox 463 1279 496 1315; x_wconf 92' lang='lat' dir='ltr'>C</span> <span class='ocrx_word' id='word_1_161' title='bbox 518 1280 548 1316; x_wconf 90' lang='lat' dir='ltr'><strong>E</strong></span> <span class='ocrx_word' id='word_1_162' title='bbox 572 1279 597 1316; x_wconf 93' lang='lat' dir='ltr'>S</span> <span class='ocrx_word' id='word_1_163' title='bbox 643 1278 770 1318; x_wconf 76' lang='lat' dir='ltr'>vidisse</span> <span class='ocrx_word' id='word_1_164' title='bbox 790 1277 932 1316; x_wconf 74' lang='lat' dir='ltr'>asserit:</span> <span class='ocrx_word' id='word_1_165' title='bbox 971 1292 1016 1318; x_wconf 86' lang='lat' dir='ltr'>ac</span> <span class='ocrx_word' id='word_1_166' title='bbox 1039 1278 1217 1329; x_wconf 74' lang='lat' dir='ltr'>postridie</span> <span class='ocrx_word' id='word_1_167' title='bbox 1241 1291 1373 1329; x_wconf 84' lang='lat' dir='ltr'>pugna</span> <span class='ocrx_word' id='word_1_168' title='bbox 1397 1282 1523 1318; x_wconf 85' lang='lat' dir='ltr'>innita</span> <span class='ocrx_word' id='word_1_169' title='bbox 1538 1307 1549 1325; x_wconf 90' lang='lat'>‚</span> <span class='ocrx_word' id='word_1_170' title='bbox 1571 1281 1633 1317; x_wconf 87' lang='lat' dir='ltr'>vi-</span> 
     </span>
     <span class='ocr_line' id='line_1_19' title="bbox 96 1332 1631 1384; baseline 0.001 -13"><span class='ocrx_word' id='word_1_171' title='bbox 96 1335 260 1378; x_wconf 69' lang='lat' dir='ltr'>storiam</span> <span class='ocrx_word' id='word_1_172' title='bbox 282 1333 503 1379; x_wconf 75' lang='lat' dir='ltr'>obtinuisse.</span> <span class='ocrx_word' id='word_1_173' title='bbox 558 1335 624 1372; x_wconf 74' lang='lat' dir='ltr'>Pie</span> <span class='ocrx_word' id='word_1_174' title='bbox 640 1332 775 1384; x_wconf 51' lang='lat' dir='ltr'>itaque</span> <span class='ocrx_word' id='word_1_175' title='bbox 789 1345 995 1373; x_wconf 82' lang='lat' dir='ltr'>veneratur</span> <span class='ocrx_word' id='word_1_176' title='bbox 1020 1335 1084 1373; x_wconf 91' lang='lat' dir='ltr'>hic</span> <span class='ocrx_word' id='word_1_177' title='bbox 1106 1336 1198 1372; x_wconf 86' lang='lat' dir='ltr'>Dux</span> <span class='ocrx_word' id='word_1_178' title='bbox 1221 1347 1378 1372; x_wconf 86' lang='lat' dir='ltr'>crucem</span> <span class='ocrx_word' id='word_1_179' title='bbox 1393 1364 1403 1379; x_wconf 89' lang='lat'>‚</span> <span class='ocrx_word' id='word_1_180' title='bbox 1429 1348 1516 1373; x_wconf 90' lang='lat' dir='ltr'>non</span> <span class='ocrx_word' id='word_1_181' title='bbox 1542 1347 1631 1384; x_wconf 87' lang='lat' dir='ltr'>pro-</span> 
     </span>
     <span class='ocr_line' id='line_1_20' title="bbox 96 1389 1632 1440; baseline 0.001 -14"><span class='ocrx_word' id='word_1_182' title='bbox 96 1400 178 1439; x_wconf 87' lang='lat' dir='ltr'>pter</span> <span class='ocrx_word' id='word_1_183' title='bbox 192 1389 381 1440; x_wconf 84' lang='lat' dir='ltr'>figuram:</span> <span class='ocrx_word' id='word_1_184' title='bbox 409 1389 470 1426; x_wconf 90' lang='lat' dir='ltr'>sed</span> <span class='ocrx_word' id='word_1_185' title='bbox 491 1390 902 1439; x_wconf 86' lang='lat' dir='ltr'>proptereum,quiilli</span> <span class='ocrx_word' id='word_1_186' title='bbox 925 1391 1064 1429; x_wconf 82' lang='lat' dir='ltr'>affixus</span> <span class='ocrx_word' id='word_1_187' title='bbox 1086 1402 1161 1428; x_wconf 88' lang='lat' dir='ltr'>nos</span> <span class='ocrx_word' id='word_1_188' title='bbox 1190 1390 1317 1428; x_wconf 82' lang='lat' dir='ltr'>salvos</span> <span class='ocrx_word' id='word_1_189' title='bbox 1339 1390 1440 1435; x_wconf 87' lang='lat' dir='ltr'>fecit,</span> <span class='ocrx_word' id='word_1_190' title='bbox 1457 1403 1502 1428; x_wconf 91' lang='lat' dir='ltr'>ac</span> <span class='ocrx_word' id='word_1_191' title='bbox 1512 1392 1632 1428; x_wconf 88' lang='lat' dir='ltr'>virtu-</span> 
     </span>
     <span class='ocr_line' id='line_1_21' title="bbox 95 1445 1632 1496; baseline 0.002 -14"><span class='ocrx_word' id='word_1_192' title='bbox 95 1456 134 1482; x_wconf 86' lang='lat' dir='ltr'>te</span> <span class='ocrx_word' id='word_1_193' title='bbox 158 1445 224 1483; x_wconf 82' lang='lat' dir='ltr'>sua</span> <span class='ocrx_word' id='word_1_194' title='bbox 249 1446 364 1483; x_wconf 85' lang='lat' dir='ltr'>nobis</span> <span class='ocrx_word' id='word_1_195' title='bbox 382 1445 611 1491; x_wconf 76' lang='lat' dir='ltr'>viCtoriam‚</span> <span class='ocrx_word' id='word_1_196' title='bbox 641 1455 779 1484; x_wconf 85' lang='lat' dir='ltr'>contra</span> <span class='ocrx_word' id='word_1_197' title='bbox 811 1445 1051 1493; x_wconf 82' lang='lat' dir='ltr'>Sathanam,</span> <span class='ocrx_word' id='word_1_198' title='bbox 1075 1446 1273 1484; x_wconf 87' lang='lat' dir='ltr'>mundum</span> <span class='ocrx_word' id='word_1_199' title='bbox 1296 1448 1335 1483; x_wconf 89' lang='lat'>&amp;</span> <span class='ocrx_word' id='word_1_200' title='bbox 1358 1457 1518 1485; x_wconf 85' lang='lat' dir='ltr'>carnem</span> <span class='ocrx_word' id='word_1_201' title='bbox 1537 1457 1632 1496; x_wconf 62' lang='lat' dir='ltr'>pra-</span> 
     </span>
     <span class='ocr_line' id='line_1_22' title="bbox 97 1501 190 1538; baseline 0.011 -1"><span class='ocrx_word' id='word_1_202' title='bbox 97 1501 190 1538; x_wconf 90' lang='lat' dir='ltr'>buit.</span> 
     </span>
    </p>
   </div>
   <div class='ocr_carea' id='block_1_5' title="bbox 264 1588 1478 1789">
    <p class='ocr_par' dir='ltr' id='par_1_5' title="bbox 264 1588 1478 1789">
     <span class='ocr_line' id='line_1_23' title="bbox 264 1588 1478 1676; baseline -0.002 -36"><span class='ocrx_word' id='word_1_203' title='bbox 264 1588 453 1640; x_wconf 86' lang='lat' dir='ltr'>NON</span> <span class='ocrx_word' id='word_1_204' title='bbox 526 1588 855 1676; x_wconf 68' lang='lat' dir='ltr'>BVELvo</span> <span class='ocrx_word' id='word_1_205' title='bbox 930 1589 1063 1641; x_wconf 84' lang='lat' dir='ltr'>SIN</span> <span class='ocrx_word' id='word_1_206' title='bbox 1138 1588 1478 1641; x_wconf 81' lang='lat' dir='ltr'>VINCER.</span> 
     </span>
     <span class='ocr_line' id='line_1_24' title="bbox 395 1664 1339 1789; baseline 0.001 -3"><span class='ocrx_word' id='word_1_207' title='bbox 395 1736 607 1788; x_wconf 87' lang='lat' dir='ltr'>NON</span> <span class='ocrx_word' id='word_1_208' title='bbox 684 1664 1067 1789; x_wconf 47' lang='lat' dir='ltr'>Rfidcfsiino</span> <span class='ocrx_word' id='word_1_209' title='bbox 1145 1737 1339 1789; x_wconf 78' lang='lat' dir='ltr'>NISI</span> 
     </span>
    </p>
   </div>
   <div class='ocr_carea' id='block_1_6' title="bbox 709 1832 1026 1873">
    <p class='ocr_par' dir='ltr' id='par_1_6' title="bbox 709 1832 1026 1873">
     <span class='ocr_line' id='line_1_25' title="bbox 709 1832 1026 1873; baseline -0.003 -8"><span class='ocrx_word' id='word_1_210' title='bbox 709 1832 1026 1873; x_wconf 53' lang='lat' dir='ltr'>vaCAM„</span> 
     </span>
    </p>
   </div>
   <div class='ocr_carea' id='block_1_7' title="bbox 94 1917 1632 2633">
    <p class='ocr_par' dir='ltr' id='par_1_7' title="bbox 94 1917 1632 2633">
     <span class='ocr_line' id='line_1_26' title="bbox 254 1917 1632 1972; baseline -0.001 -16"><span class='ocrx_word' id='word_1_211' title='bbox 254 1920 478 1957; x_wconf 83' lang='lat' dir='ltr'>Alexander</span> <span class='ocrx_word' id='word_1_212' title='bbox 509 1919 598 1966; x_wconf 88' lang='lat' dir='ltr'>iste,</span> <span class='ocrx_word' id='word_1_213' title='bbox 620 1921 711 1959; x_wconf 73' lang='lat' dir='ltr'>cum</span> <span class='ocrx_word' id='word_1_214' title='bbox 731 1921 1022 1972; x_wconf 81' lang='lat' dir='ltr'>Margaretham</span> <span class='ocrx_word' id='word_1_215' title='bbox 1036 1921 1281 1960; x_wconf 83' lang='lat' dir='ltr'>Austtiaeam</span> <span class='ocrx_word' id='word_1_216' title='bbox 1299 1919 1549 1969; x_wconf 86' lang='lat' dir='ltr'>Imperotoris</span> <span class='ocrx_word' id='word_1_217' title='bbox 1582 1917 1632 1956; x_wconf 81' lang='lat' dir='ltr'>fi-</span> 
     </span>
     <span class='ocr_line' id='line_1_27' title="bbox 97 1974 1629 2027; baseline -0.001 -15"><span class='ocrx_word' id='word_1_218' title='bbox 97 1975 190 2012; x_wconf 85' lang='lat' dir='ltr'>liam</span> <span class='ocrx_word' id='word_1_219' title='bbox 210 1974 372 2013; x_wconf 78' lang='lat' dir='ltr'>duxiss&#39;et</span> <span class='ocrx_word' id='word_1_220' title='bbox 390 1977 429 2020; x_wconf 82' lang='lat' dir='ltr'>in</span> <span class='ocrx_word' id='word_1_221' title='bbox 454 1988 641 2021; x_wconf 82' lang='lat' dir='ltr'>uxorem,</span> <span class='ocrx_word' id='word_1_222' title='bbox 668 1989 712 2014; x_wconf 86' lang='lat' dir='ltr'>ac</span> <span class='ocrx_word' id='word_1_223' title='bbox 724 1977 938 2015; x_wconf 84' lang='lat' dir='ltr'>Thusciam</span> <span class='ocrx_word' id='word_1_224' title='bbox 960 1975 1174 2025; x_wconf 74' lang='lat' dir='ltr'>aequissime</span> <span class='ocrx_word' id='word_1_225' title='bbox 1194 1987 1362 2027; x_wconf 82' lang='lat' dir='ltr'>regerer,</span> <span class='ocrx_word' id='word_1_226' title='bbox 1387 1976 1514 2023; x_wconf 70' lang='lat' dir='ltr'>Seque</span> <span class='ocrx_word' id='word_1_227' title='bbox 1528 1975 1629 2023; x_wconf 91' lang='lat' dir='ltr'>opti-</span> 
     </span>
     <span class='ocr_line' id='line_1_28' title="bbox 95 2029 1630 2082; baseline 0.001 -16"><span class='ocrx_word' id='word_1_228' title='bbox 95 2042 160 2066; x_wconf 82' lang='lat' dir='ltr'>ma</span> <span class='ocrx_word' id='word_1_229' title='bbox 183 2032 355 2079; x_wconf 85' lang='lat' dir='ltr'>corporis</span> <span class='ocrx_word' id='word_1_230' title='bbox 377 2031 658 2070; x_wconf 85' lang='lat' dir='ltr'>constitutione</span> <span class='ocrx_word' id='word_1_231' title='bbox 677 2033 875 2082; x_wconf 84' lang='lat' dir='ltr'>praeditum</span> <span class='ocrx_word' id='word_1_232' title='bbox 898 2033 1245 2076; x_wconf 60' lang='lat' dir='ltr'>animadverterem</span> <span class='ocrx_word' id='word_1_233' title='bbox 1266 2032 1395 2068; x_wconf 88' lang='lat' dir='ltr'>voluit</span> <span class='ocrx_word' id='word_1_234' title='bbox 1417 2031 1531 2067; x_wconf 87' lang='lat' dir='ltr'>rebus</span> <span class='ocrx_word' id='word_1_235' title='bbox 1552 2029 1630 2068; x_wconf 86' lang='lat' dir='ltr'>bel·</span> 
     </span>
     <span class='ocr_line' id='line_1_29' title="bbox 95 2084 1630 2137; baseline 0 -15"><span class='ocrx_word' id='word_1_236' title='bbox 95 2085 175 2122; x_wconf 81' lang='lat' dir='ltr'>licis</span> <span class='ocrx_word' id='word_1_237' title='bbox 200 2086 233 2122; x_wconf 91' lang='lat' dir='ltr'>se</span> <span class='ocrx_word' id='word_1_238' title='bbox 251 2086 401 2123; x_wconf 80' lang='lat' dir='ltr'>clarum</span> <span class='ocrx_word' id='word_1_239' title='bbox 422 2086 591 2131; x_wconf 86' lang='lat' dir='ltr'>reddere,</span> <span class='ocrx_word' id='word_1_240' title='bbox 627 2099 671 2124; x_wconf 87' lang='lat' dir='ltr'>ac</span> <span class='ocrx_word' id='word_1_241' title='bbox 691 2089 821 2137; x_wconf 80' lang='lat' dir='ltr'>gloriae</span> <span class='ocrx_word' id='word_1_242' title='bbox 840 2087 966 2131; x_wconf 78' lang='lat' dir='ltr'>causa,</span> <span class='ocrx_word' id='word_1_243' title='bbox 981 2099 1052 2137; x_wconf 89' lang='lat' dir='ltr'>pro</span> <span class='ocrx_word' id='word_1_244' title='bbox 1065 2098 1171 2137; x_wconf 89' lang='lat' dir='ltr'>parte</span> <span class='ocrx_word' id='word_1_245' title='bbox 1184 2088 1434 2136; x_wconf 83' lang='lat' dir='ltr'>Imperatoris</span> <span class='ocrx_word' id='word_1_246' title='bbox 1456 2084 1630 2133; x_wconf 85' lang='lat' dir='ltr'>sequod·</span> 
     </span>
     <span class='ocr_line' id='line_1_30' title="bbox 96 2140 1591 2190; baseline 0.001 -13"><span class='ocrx_word' id='word_1_247' title='bbox 96 2142 153 2178; x_wconf 86' lang='lat' dir='ltr'>vis</span> <span class='ocrx_word' id='word_1_248' title='bbox 178 2142 390 2190; x_wconf 73' lang='lat' dir='ltr'>perieulum</span> <span class='ocrx_word' id='word_1_249' title='bbox 411 2140 548 2186; x_wconf 82' lang='lat' dir='ltr'>subire,</span> <span class='ocrx_word' id='word_1_250' title='bbox 562 2140 645 2179; x_wconf 64' lang='lat' dir='ltr'>im‘o</span> <span class='ocrx_word' id='word_1_251' title='bbox 666 2143 727 2180; x_wconf 90' lang='lat' dir='ltr'>vel</span> <span class='ocrx_word' id='word_1_252' title='bbox 745 2145 896 2181; x_wconf 88' lang='lat' dir='ltr'>vincere</span> <span class='ocrx_word' id='word_1_253' title='bbox 918 2143 979 2181; x_wconf 90' lang='lat' dir='ltr'>vel</span> <span class='ocrx_word' id='word_1_254' title='bbox 1000 2141 1237 2188; x_wconf 84' lang='lat' dir='ltr'>occumbere</span> <span class='ocrx_word' id='word_1_255' title='bbox 1258 2142 1369 2180; x_wconf 86' lang='lat' dir='ltr'>velle,</span> <span class='ocrx_word' id='word_1_256' title='bbox 1396 2141 1591 2178; x_wconf 74' lang='lat' dir='ltr'>narrabat.</span> 
     </span>
     <span class='ocr_line' id='line_1_31' title="bbox 96 2193 1630 2248; baseline 0.001 -15"><span class='ocrx_word' id='word_1_257' title='bbox 96 2195 160 2233; x_wconf 90' lang='lat' dir='ltr'>Ad</span> <span class='ocrx_word' id='word_1_258' title='bbox 183 2197 288 2234; x_wconf 83' lang='lat' dir='ltr'>hunc</span> <span class='ocrx_word' id='word_1_259' title='bbox 312 2196 473 2246; x_wconf 86' lang='lat' dir='ltr'>scopum</span> <span class='ocrx_word' id='word_1_260' title='bbox 496 2209 588 2234; x_wconf 88' lang='lat' dir='ltr'>cum</span> <span class='ocrx_word' id='word_1_261' title='bbox 608 2198 937 2248; x_wconf 85' lang='lat' dir='ltr'>Hierographiam</span> <span class='ocrx_word' id='word_1_262' title='bbox 949 2208 1146 2247; x_wconf 67' lang='lat' dir='ltr'>quaereret,</span> <span class='ocrx_word' id='word_1_263' title='bbox 1169 2198 1278 2235; x_wconf 90' lang='lat' dir='ltr'>nulla</span> <span class='ocrx_word' id='word_1_264' title='bbox 1299 2196 1375 2239; x_wconf 86' lang='lat' dir='ltr'>hac</span> <span class='ocrx_word' id='word_1_265' title='bbox 1402 2197 1530 2245; x_wconf 88' lang='lat' dir='ltr'>aptior</span> <span class='ocrx_word' id='word_1_266' title='bbox 1550 2193 1630 2234; x_wconf 83' lang='lat' dir='ltr'>visa</span> 
     </span>
     <span class='ocr_line' id='line_1_32' title="bbox 95 2252 1621 2303; baseline 0 -15"><span class='ocrx_word' id='word_1_267' title='bbox 95 2252 178 2288; x_wconf 87' lang='lat' dir='ltr'>fuit:</span> <span class='ocrx_word' id='word_1_268' title='bbox 234 2252 485 2289; x_wconf 77' lang='lat' dir='ltr'>Rhinoceros</span> <span class='ocrx_word' id='word_1_269' title='bbox 508 2254 615 2289; x_wconf 90' lang='lat' dir='ltr'>enim</span> <span class='ocrx_word' id='word_1_270' title='bbox 633 2255 681 2291; x_wconf 86' lang='lat' dir='ltr'>ad</span> <span class='ocrx_word' id='word_1_271' title='bbox 704 2265 880 2303; x_wconf 84' lang='lat' dir='ltr'>pugnam</span> <span class='ocrx_word' id='word_1_272' title='bbox 903 2254 1055 2291; x_wconf 87' lang='lat' dir='ltr'>adnatis</span> <span class='ocrx_word' id='word_1_273' title='bbox 1077 2255 1195 2291; x_wconf 68' lang='lat' dir='ltr'>armis</span> <span class='ocrx_word' id='word_1_274' title='bbox 1216 2252 1444 2290; x_wconf 73' lang='lat' dir='ltr'>instruCtum</span> <span class='ocrx_word' id='word_1_275' title='bbox 1458 2252 1621 2294; x_wconf 84' lang='lat' dir='ltr'>animal,</span> 
     </span>
     <span class='ocr_line' id='line_1_33' title="bbox 96 2306 1628 2358; baseline -0.001 -14"><span class='ocrx_word' id='word_1_276' title='bbox 96 2306 353 2355; x_wconf 77' lang='lat' dir='ltr'>Elephantem</span> <span class='ocrx_word' id='word_1_277' title='bbox 374 2308 525 2357; x_wconf 74' lang='lat' dir='ltr'>aggredi</span> <span class='ocrx_word' id='word_1_278' title='bbox 547 2307 656 2352; x_wconf 87' lang='lat' dir='ltr'>solet,</span> <span class='ocrx_word' id='word_1_279' title='bbox 680 2307 935 2358; x_wconf 58' lang='lat' dir='ltr'>ventremque</span> <span class='ocrx_word' id='word_1_280' title='bbox 954 2317 1147 2357; x_wconf 83' lang='lat' dir='ltr'>tanquam</span> <span class='ocrx_word' id='word_1_281' title='bbox 1171 2309 1311 2353; x_wconf 48' lang='lat' dir='ltr'>caeteris</span> <span class='ocrx_word' id='word_1_282' title='bbox 1333 2307 1505 2356; x_wconf 75' lang='lat' dir='ltr'>panibus</span> <span class='ocrx_word' id='word_1_283' title='bbox 1525 2306 1628 2344; x_wconf 87' lang='lat' dir='ltr'>mol·</span> 
     </span>
     <span class='ocr_line' id='line_1_34' title="bbox 96 2363 1630 2414; baseline 0 -14"><span class='ocrx_word' id='word_1_284' title='bbox 96 2363 236 2400; x_wconf 83' lang='lat' dir='ltr'>liorem</span> <span class='ocrx_word' id='word_1_285' title='bbox 263 2375 388 2401; x_wconf 86' lang='lat' dir='ltr'>cornu</span> <span class='ocrx_word' id='word_1_286' title='bbox 401 2390 415 2405; x_wconf 14' lang='grc' dir='ltr'>,Α</span> <span class='ocrx_word' id='word_1_287' title='bbox 445 2363 552 2411; x_wconf 82' lang='lat' dir='ltr'>quod</span> <span class='ocrx_word' id='word_1_288' title='bbox 572 2364 618 2408; x_wconf 26' lang='lat' dir='ltr'>inf</span> <span class='ocrx_word' id='word_1_289' title='bbox 643 2363 774 2403; x_wconf 82' lang='lat' dir='ltr'>fronte</span> <span class='ocrx_word' id='word_1_290' title='bbox 792 2365 852 2403; x_wconf 88' lang='lat' dir='ltr'>vel</span> <span class='ocrx_word' id='word_1_291' title='bbox 876 2375 982 2414; x_wconf 85' lang='lat' dir='ltr'>tergo</span> <span class='ocrx_word' id='word_1_292' title='bbox 995 2364 1125 2408; x_wconf 84' lang='lat' dir='ltr'>habet,</span> <span class='ocrx_word' id='word_1_293' title='bbox 1142 2365 1245 2412; x_wconf 85' lang='lat' dir='ltr'>petit,</span> <span class='ocrx_word' id='word_1_294' title='bbox 1258 2375 1307 2400; x_wconf 90' lang='lat' dir='ltr'>eo</span> <span class='ocrx_word' id='word_1_295' title='bbox 1321 2364 1474 2407; x_wconf 86' lang='lat' dir='ltr'>animo,</span> <span class='ocrx_word' id='word_1_296' title='bbox 1490 2372 1532 2399; x_wconf 89' lang='lat' dir='ltr'>ut</span> <span class='ocrx_word' id='word_1_297' title='bbox 1542 2373 1630 2400; x_wconf 82' lang='lat' dir='ltr'>non</span> 
     </span>
     <span class='ocr_line' id='line_1_35' title="bbox 94 2417 1631 2468; baseline -0.001 -13"><span class='ocrx_word' id='word_1_298' title='bbox 94 2419 254 2455; x_wconf 79' lang='lat' dir='ltr'>decedat</span> <span class='ocrx_word' id='word_1_299' title='bbox 272 2417 293 2454; x_wconf 60' lang='lat' dir='ltr'>‘a</span> <span class='ocrx_word' id='word_1_300' title='bbox 317 2429 461 2466; x_wconf 77' lang='lat' dir='ltr'>pugna,</span> <span class='ocrx_word' id='word_1_301' title='bbox 488 2417 562 2455; x_wconf 73' lang='lat' dir='ltr'>nist</span> <span class='ocrx_word' id='word_1_302' title='bbox 581 2418 829 2468; x_wconf 79' lang='lat' dir='ltr'>elephantem</span> <span class='ocrx_word' id='word_1_303' title='bbox 853 2419 1119 2468; x_wconf 84' lang='lat' dir='ltr'>prostraverit,</span> <span class='ocrx_word' id='word_1_304' title='bbox 1140 2421 1178 2456; x_wconf 72' lang='grc' dir='ltr'>δε</span> <span class='ocrx_word' id='word_1_305' title='bbox 1197 2418 1437 2456; x_wconf 86' lang='lat' dir='ltr'>interfecerit.</span> <span class='ocrx_word' id='word_1_306' title='bbox 1496 2418 1562 2454; x_wconf 89' lang='lat' dir='ltr'>Ob</span> <span class='ocrx_word' id='word_1_307' title='bbox 1590 2417 1631 2454; x_wconf 85' lang='lat' dir='ltr'>id</span> 
     </span>
     <span class='ocr_line' id='line_1_36' title="bbox 96 2472 1624 2522; baseline 0 -13"><span class='ocrx_word' id='word_1_308' title='bbox 96 2475 278 2510; x_wconf 78' lang='lat' dir='ltr'>convenit</span> <span class='ocrx_word' id='word_1_309' title='bbox 300 2472 537 2522; x_wconf 66' lang='lat' dir='ltr'>Symboium</span> <span class='ocrx_word' id='word_1_310' title='bbox 551 2473 719 2522; x_wconf 69' lang='lat' dir='ltr'>GRyphe,</span> <span class='ocrx_word' id='word_1_311' title='bbox 747 2476 784 2512; x_wconf 91' lang='lat' dir='ltr'>N</span> <span class='ocrx_word' id='word_1_312' title='bbox 801 2476 838 2511; x_wconf 93' lang='lat' dir='ltr'>O</span> <span class='ocrx_word' id='word_1_313' title='bbox 851 2476 888 2512; x_wconf 92' lang='lat' dir='ltr'>N</span> <span class='ocrx_word' id='word_1_314' title='bbox 919 2476 948 2511; x_wconf 91' lang='lat' dir='ltr'>B</span> <span class='ocrx_word' id='word_1_315' title='bbox 962 2475 1036 2512; x_wconf 87' lang='lat' dir='ltr'>VE</span> <span class='ocrx_word' id='word_1_316' title='bbox 1051 2475 1124 2512; x_wconf 92' lang='lat' dir='ltr'>LV</span> <span class='ocrx_word' id='word_1_317' title='bbox 1137 2475 1174 2511; x_wconf 88' lang='lat' dir='ltr'>O</span> <span class='ocrx_word' id='word_1_318' title='bbox 1212 2474 1235 2511; x_wconf 91' lang='lat' dir='ltr'>S</span> <span class='ocrx_word' id='word_1_319' title='bbox 1250 2475 1265 2511; x_wconf 91' lang='lat'>1</span> <span class='ocrx_word' id='word_1_320' title='bbox 1281 2475 1319 2511; x_wconf 92' lang='lat' dir='ltr'>N</span> <span class='ocrx_word' id='word_1_321' title='bbox 1347 2473 1468 2510; x_wconf 86' lang='lat' dir='ltr'>VIN</span> <span class='ocrx_word' id='word_1_322' title='bbox 1484 2472 1556 2509; x_wconf 90' lang='lat' dir='ltr'>CE</span> <span class='ocrx_word' id='word_1_323' title='bbox 1571 2474 1624 2516; x_wconf 90' lang='lat' dir='ltr'>R,</span> 
     </span>
     <span class='ocr_line' id='line_1_37' title="bbox 96 2528 1630 2578; baseline -0.002 -11"><span class='ocrx_word' id='word_1_324' title='bbox 96 2529 175 2567; x_wconf 93' lang='lat' dir='ltr'>hoc</span> <span class='ocrx_word' id='word_1_325' title='bbox 195 2528 353 2571; x_wconf 88' lang='lat' dir='ltr'>est,non</span> <span class='ocrx_word' id='word_1_326' title='bbox 377 2529 554 2565; x_wconf 87' lang='lat' dir='ltr'>recedam</span> <span class='ocrx_word' id='word_1_327' title='bbox 575 2528 643 2566; x_wconf 85' lang='lat' dir='ltr'>nifi</span> <span class='ocrx_word' id='word_1_328' title='bbox 656 2531 826 2574; x_wconf 84' lang='lat' dir='ltr'>vineam,</span> <span class='ocrx_word' id='word_1_329' title='bbox 844 2529 1094 2568; x_wconf 84' lang='lat' dir='ltr'>Rhinoceros</span> <span class='ocrx_word' id='word_1_330' title='bbox 1106 2530 1213 2567; x_wconf 89' lang='lat' dir='ltr'>enim</span> <span class='ocrx_word' id='word_1_331' title='bbox 1228 2530 1240 2578; x_wconf 93' lang='lat'>(</span> <span class='ocrx_word' id='word_1_332' title='bbox 1255 2539 1295 2566; x_wconf 89' lang='lat' dir='ltr'>ut</span> <span class='ocrx_word' id='word_1_333' title='bbox 1314 2530 1367 2566; x_wconf 90' lang='lat' dir='ltr'>ait</span> <span class='ocrx_word' id='word_1_334' title='bbox 1388 2529 1630 2578; x_wconf 77' lang='lat' dir='ltr'>poeta)nun-</span> 
     </span>
     <span class='ocr_line' id='line_1_38' title="bbox 96 2583 732 2633; baseline 0.003 -13"><span class='ocrx_word' id='word_1_335' title='bbox 96 2596 217 2633; x_wconf 72' lang='lat' dir='ltr'>quam</span> <span class='ocrx_word' id='word_1_336' title='bbox 236 2584 359 2622; x_wconf 63' lang='lat' dir='ltr'>vic‘tus</span> <span class='ocrx_word' id='word_1_337' title='bbox 380 2584 435 2621; x_wconf 15' lang='lat' dir='ltr'>ab*</span> <span class='ocrx_word' id='word_1_338' title='bbox 452 2583 559 2621; x_wconf 88' lang='lat' dir='ltr'>hoste</span> <span class='ocrx_word' id='word_1_339' title='bbox 581 2586 732 2622; x_wconf 90' lang='lat' dir='ltr'>recedit.</span> 
     </span>
    </p>
   </div>
   <div class='ocr_carea' id='block_1_8' title="bbox 372 2671 1355 2801">
    <p class='ocr_par' dir='ltr' id='par_1_8' title="bbox 372 2671 1355 2801">
     <span class='ocr_line' id='line_1_39' title="bbox 372 2671 1355 2727; baseline 0 -7"><span class='ocrx_word' id='word_1_340' title='bbox 372 2672 796 2723; x_wconf 89' lang='lat' dir='ltr'>PREMITUR</span> <span class='ocrx_word' id='word_1_341' title='bbox 856 2671 1044 2727; x_wconf 91' lang='lat' dir='ltr'>NON</span> <span class='ocrx_word' id='word_1_342' title='bbox 1102 2671 1355 2721; x_wconf 89' lang='lat' dir='ltr'>OPPRI-</span> 
     </span>
     <span class='ocr_line' id='line_1_40' title="bbox 743 2767 1003 2801; baseline -0.008 -1"><span class='ocrx_word' id='word_1_343' title='bbox 743 2769 782 2800; x_wconf 89' lang='lat' dir='ltr'>M</span> <span class='ocrx_word' id='word_1_344' title='bbox 806 2769 819 2799; x_wconf 89' lang='lat'>1</span> <span class='ocrx_word' id='word_1_345' title='bbox 843 2768 872 2800; x_wconf 86' lang='lat' dir='ltr'>T</span> <span class='ocrx_word' id='word_1_346' title='bbox 897 2767 931 2799; x_wconf 90' lang='lat' dir='ltr'>u</span> <span class='ocrx_word' id='word_1_347' title='bbox 957 2768 1003 2801; x_wconf 84' lang='lat' dir='ltr'>R.</span> 
     </span>
    </p>
   </div>
   <div class='ocr_carea' id='block_1_9' title="bbox 245 2840 1630 2935">
    <p class='ocr_par' dir='ltr' id='par_1_9' title="bbox 245 2840 1630 2935">
     <span class='ocr_line' id='line_1_41' title="bbox 245 2840 1630 2892; baseline -0.004 -12"><span class='ocrx_word' id='word_1_348' title='bbox 245 2844 300 2880; x_wconf 90' lang='lat' dir='ltr'>Vt</span> <span class='ocrx_word' id='word_1_349' title='bbox 314 2843 380 2880; x_wconf 85' lang='lat' dir='ltr'>Sol</span> <span class='ocrx_word' id='word_1_350' title='bbox 405 2843 652 2892; x_wconf 17' lang='lat' dir='ltr'>planetarum*</span> <span class='ocrx_word' id='word_1_351' title='bbox 671 2844 854 2882; x_wconf 87' lang='lat' dir='ltr'>omnium</span> <span class='ocrx_word' id='word_1_352' title='bbox 877 2844 1088 2886; x_wconf 83' lang='lat' dir='ltr'>maximus,</span> <span class='ocrx_word' id='word_1_353' title='bbox 1103 2840 1413 2892; x_wconf 69' lang='lat' dir='ltr'>&amp;animaquasi</span> <span class='ocrx_word' id='word_1_354' title='bbox 1425 2840 1544 2883; x_wconf 85' lang='lat' dir='ltr'>totius</span> <span class='ocrx_word' id='word_1_355' title='bbox 1566 2850 1630 2875; x_wconf 86' lang='lat' dir='ltr'>or-</span> 
     </span>
     <span class='ocr_line' id='line_1_42' title="bbox 848 2896 1625 2935; baseline -0.006 0"><span class='ocrx_word' id='word_1_356' title='bbox 848 2898 877 2934; x_wconf 84' lang='lat' dir='ltr'><strong>E</strong></span> <span class='ocrx_word' id='word_1_357' title='bbox 932 2910 955 2935; x_wconf 84' lang='lat'>2</span> <span class='ocrx_word' id='word_1_358' title='bbox 1467 2896 1524 2932; x_wconf 89' lang='lat' dir='ltr'>bis</span> <span class='ocrx_word' id='word_1_359' title='bbox 1539 2904 1625 2931; x_wconf 80' lang='lat' dir='ltr'>tan-</span> 
     </span>
    </p>
   </div>
  </div>
 </body>
</html>
