1877 3277
210 215 314 263 182.

210 282 249 317 ὅ(
270 284 436 332 impares
452 292 566 323 tantae
587 286 687 323 moli
709 285 882 334 regendae
908 283 999 327 sint,
1024 282 1118 332 (nisi
1133 281 1153 319 ὲ
1167 284 1411 331 consiliariis>
1429 287 1465 322 &
1490 285 1732 332 adjutoribus

208 341 413 391 juventur)
440 339 572 379 'rerum
608 341 797 390 processus
828 340 1074 388 intercipitur,
1094 338 1275 387 quiescit,
1309 342 1348 377 ὅ(
1379 341 1534 384 sistitur,
1554 339 1736 390 pacistiue

207 408 399 447 tempore,
414 397 543 434 bonus
555 397 767 445 reipublicae
787 395 902 433 status
926 395 1114 443 paulatim
1125 394 1302 439 tabescit,
1323 408 1367 433 ac
1390 397 1645 446 extinguitur,
1659 397 1736 434 bel·

210 452 319 503 lic'que
346 462 524 500 tempore
550 451 775 489 occasiones
804 462 933 487 rerum
955 451 1055 486 bene
1073 450 1329 499 gerendarum
1350 452 1593 489 amittuntur.
1648 454 1734 489 For-

208 508 315 547 tassis
338 508 440 546 hanc
461 507 788 557 Hierographiam
818 517 868 542 eo
889 515 1075 554 tempore,
1089 504 1180 542 cum
1201 506 1292 544 Dux
1307 506 1489 544 Albanus
1514 508 1629 556 Belgij
1646 519 1735 557 prae-

208 565 348 607 feetus,
381 574 425 601 ac
447 574 575 600 rerum
596 563 837 611 Belgicarum
859 561 975 598 status
990 560 1327 610 periculosissimus
1340 561 1450 606 esset,
1473 563 1649 612 Princeps
1671 563 1736 600 istc

209 619 339 656 edidit.
392 618 625 655 Tuncenim
648 617 711 655 hic
725 618 816 654 Dux
839 616 994 653 nullum
1013 617 1214 665 publicum
1236 628 1381 654 munus
1403 616 1571 667 suscepit.
1627 619 1735 656 Nam

208 686 338 712 rerum
359 674 615 723 gerendarum
638 672 911 722 magnitudine
932 671 1127 708 deterritus
1142 699 1152 715 ,
1175 683 1219 708 ac
1239 683 1417 709 metuens
1440 685 1489 710 ne
1511 685 1584 722 prae
1607 674 1735 711 nimio

207 730 372 780 ponderi
397 728 684 772 succumberet,
717 729 906 776 privatam
937 728 1059 764 vitam
1081 727 1268 775 sapienter
1290 730 1388 776 egit,
1425 740 1469 765 ac
1493 727 1595 766 solus
1624 730 1662 767 δε
1693 740 1734 766 u-

207 797 283 823 nus
305 781 383 822 fere
407 784 504 822 sano
524 785 595 822 illo
616 783 780 821 consilio
802 794 847 819 ex
872 783 1042 830 antiquis
1066 782 1272 831 Belgarum
1296 784 1453 830 familiis
1473 782 1654 832 superstes
1677 796 1736 821 re.-

208 840 348 877 mansit
360 867 370 884 ‚
392 840 550 889 reliquis
573 840 762 877 omnibus
775 838 884 875 bellis
898 866 908 880 ,
930 849 974 875 ae
987 838 1069 884 alijs
1082 838 1367 875 calamitatibus
1379 839 1570 876 extitistis.
1626 840 1736 877 Dum

209 895 507 934 bellointestino
528 896 682 933 laborat
705 896 825 943 patria
849 893 947 929 nihil
970 891 1193 941 prudentius
1216 895 1359 940 quiete,
1417 896 1521 945 Qia
1534 894 1734 943 cujuscun-

207 963 285 1000 que
306 950 490 989 defendes
517 950 673 988 causam
687 978 697 994 ,
712 950 819 987 alteri
842 950 1027 995 injuriam
1051 948 1176 985 facere
1199 948 1383 986 videberis
1397 975 1407 992 ,
1427 961 1471 986 ae
1493 951 1533 987 in
1555 951 1738 1000 reipubli-

207 1020 283 1050 cae,
304 1008 414 1053 cujus
436 1009 474 1045 δε
496 1016 537 1043 tu
559 1007 804 1048 membrum,
828 1016 918 1040 cum
942 1005 1029 1046 illis,
1048 1016 1149 1051 quos
1175 1016 1381 1053 oppugnas
1405 1016 1457 1049 es,
1480 1015 1673 1053 tanquam
1694 1007 1739 1046 in,

208 1063 366 1113 propria
385 1073 471 1099 rues
491 1061 647 1101 viscera.
703 1061 776 1098 Vir
796 1060 926 1096 bonus
949 1062 990 1096 in
1011 1059 1115 1095 bello
1137 1060 1260 1102 civili,
1288 1061 1413 1096 neutri
1433 1062 1529 1109 parti
1551 1061 1735 1104 adhaetet,

210 1116 321 1167 quod
342 1116 539 1166 utriusque
562 1116 675 1154 eausa
697 1118 735 1154 &
760 1116 867 1153 bona
881 1117 918 1151 &
941 1116 1046 1152 mala
1067 1114 1122 1160 sit,
1144 1126 1189 1153 ac
1210 1116 1376 1165 proinde
1394 1116 1557 1154 dubiam
1579 1115 1736 1155 causam

206 1172 412 1212 defendere
435 1174 505 1211 viri
527 1172 626 1210 boni
649 1184 736 1210 uon
756 1171 798 1209 sit
820 1170 1013 1212 officium.

749 1283 1217 1336 IMMOBILIS.

364 1375 467 1418 Vere
492 1378 708 1416 immobilis
729 1377 780 1415 cst
800 1379 970 1428 pyramis
992 1377 1054 1415 scu
1077 1376 1355 1420 obeliscus‚ctfi
1377 1376 1458 1414 alas
1478 1374 1678 1418 addideris,
1695 1385 1737 1414 ut

208 1437 249 1473 in
269 1433 565 1485 Hierographia.
624 1432 826 1471 Obeliscus
845 1434 866 1470 a
888 1433 1085 1483 pyramide
1104 1446 1189 1470 non
1213 1431 1336 1470 differt
1349 1432 1486 1482 figura,
1504 1430 1564 1469 sed
1578 1431 1738 1468 structu-

206 1503 260 1533 ra,
275 1488 385 1538 quod
408 1504 453 1528 ex
477 1502 562 1527 uno
585 1490 710 1538 lapide
731 1487 942 1532 obeliscus,
970 1492 1138 1538 pyramis
1161 1500 1207 1525 ex
1236 1488 1408 1537 pluribus
1430 1486 1648 1525 constructa
1680 1487 1736 1528 sit.

208 1547 385 1594 Vtraque
407 1546 669 1584 constantiam
687 1542 1012 1594 designat‚quam
1035 1545 1229 1593 Principes
1254 1544 1468 1593 plerunque
1498 1541 1740 1592 profitentur:

205 1601 319 1641 Nihil
340 1601 671 1651 enimelegantius
692 1601 880 1650 Principis
903 1599 1144 1643 constantia,
1169 1609 1210 1636 ut
1232 1599 1331 1636 nihil
1350 1600 1497 1648 turpius
1519 1598 1684 1635 levitate.

214 1656 447 1695 Constantia
469 1657 567 1694 circa
588 1668 646 1693 res
667 1656 806 1693 arduas
820 1684 829 1700 ‚
855 1658 892 1693 &
917 1655 1092 1693 adversas
1111 1654 1297 1699 versatur,
1319 1654 1463 1703 quibus
1493 1655 1624 1691 cedere
1652 1655 1738 1692 viro

203 1712 400 1750 constanti
432 1724 517 1749 non
552 1712 661 1754 licet,
688 1711 748 1748 sed
775 1721 910 1748 contra
933 1710 1024 1747 stare
1045 1712 1084 1747 &
1104 1709 1295 1747 obsistere:
1333 1710 1430 1747 Inde
1452 1710 1560 1746 enim
1584 1721 1737 1748 nomen

207 1767 324 1805 habet
353 1767 582 1805 constantia.
643 1767 723 1816 Qui
747 1765 821 1804 hac
840 1767 975 1803 virtute
999 1767 1172 1814 praeditus
1195 1766 1268 1809 cst,
1291 1765 1406 1803 nullo
1434 1765 1543 1803 malo
1568 1766 1738 1814 opprimi

208 1820 326 1872 plane
349 1822 480 1871 potest.
530 1823 639 1859 Nam
660 1820 779 1871 pressa·
812 1822 935 1858 latitat
959 1822 1117 1870 quidem
1147 1821 1390 1868 aliquamdiu
1415 1822 1554 1864 virtus,
1576 1830 1618 1857 ut
1639 1823 1738 1870 ignis

208 1877 277 1915 sub
301 1878 512 1915 cineribus:
534 1875 668 1915 verum
689 1889 774 1914 non
799 1879 1058 1926 extinguitur,
1081 1877 1142 1913 sed
1166 1877 1324 1913 dimotis
1351 1876 1661 1924 impedimentis,
1687 1887 1740 1913 re-

208 1931 390 1982 centic'Jue
411 1932 615 1969 accedente
636 1944 763 1969 rerum
793 1933 1047 1981 gerendarum
1082 1931 1310 1974 occasione,
1334 1934 1475 1968 iterum
1490 1931 1736 1975 luculentius,

208 1998 249 2025 ut
271 1990 368 2038 ignis
387 1989 545 2025 remotis
566 1989 780 2031 cineribus,
802 1987 963 2038 refulget
977 2016 987 2032 ,
1010 1986 1158 2037 assurgit
1172 2015 1181 2030 ,
1203 1989 1241 2025 ὅ(
1263 1989 1422 2026 emicat:
1451 1985 1601 2024 Verum
1614 1987 1738 2025 discri-

207 2056 300 2081 men
330 2044 556 2081 faciendum
587 2045 682 2080 inter
703 2042 976 2082 constantiam.
997 2045 1034 2080 &
1055 2044 1331 2092 pertinaciam:
1361 2043 1431 2080 Illa
1462 2042 1568 2079 enim
1592 2044 1709 2081 virtus
1725 2069 1735 2087 ,

210 2099 292 2136 haec
316 2101 452 2137 vitium
478 2098 541 2136 est.
598 2098 828 2136 ConstantIa
852 2100 891 2135 in
915 2098 1028 2135 rebus
1049 2098 1333 2143 laudabilibus,
1350 2100 1386 2135 ὃ(
1407 2109 1490 2146 qua:
1504 2098 1652 2135 virtutis
1667 2098 1738 2136 ali·

207 2155 302 2204 quid
326 2157 544 2198 continent,
561 2155 768 2203 pertinacia
791 2155 832 2191 in
846 2154 961 2192 rebus
982 2154 1109 2199 malis,
1124 2164 1191 2191 aut
1213 2154 1313 2201 vitijs
1326 2163 1532 2191 exercetur.

494 2267 615 2319 SIC
674 2266 972 2317 MUTOR
1030 2264 1137 2316 AD
1196 2265 1477 2316 ILLAM.

387 2360 448 2398 De
469 2373 592 2398 uxore
615 2360 790 2408 loquitur
821 2361 913 2405 Sol,
940 2361 976 2398 id
992 2360 1043 2398 est
1069 2363 1237 2401 'maritus
1260 2362 1462 2410 Princeps,
1485 2363 1551 2410 qui
1577 2362 1611 2399 se
1634 2360 1734 2399 Solis

211 2415 332 2465 figura
353 2416 524 2453 denotat:
584 2416 642 2453 Est
663 2418 770 2454 enim
792 2418 907 2454 uxori
925 2418 978 2454 vir
999 2417 1102 2454 Solis
1124 2418 1251 2463 instar,
1267 2429 1355 2455 cum
1372 2419 1419 2454 ab
1439 2418 1508 2455 illo
1522 2417 1735 2460 illustretur,

211 2473 249 2508 ὅ(
273 2481 451 2513 ornetur,
476 2482 516 2508 ut
538 2471 558 2508 a
599 2471 690 2508 Sole
722 2472 909 2509 inferiora
942 2472 1020 2509 haec
1044 2475 1196 2513 omnia.
1253 2474 1385 2521 Inquit
1413 2483 1544 2510 autem
1568 2473 1736 2522 Symbo-

211 2527 316 2564 lum:
348 2526 448 2562 SIC
477 2527 518 2562 M
535 2528 571 2564 V
584 2527 619 2562 T
635 2528 672 2563 O
686 2528 723 2564 R
751 2527 789 2564 A
807 2527 843 2565 D
878 2527 940 2564 IL
958 2527 990 2564 L
1006 2528 1043 2565 A
1061 2528 1116 2565 M.
1174 2528 1247 2566 Sed
1270 2540 1449 2575 quaenam
1472 2526 1600 2576 quaeso
1614 2537 1736 2564 muta-

211 2584 268 2618 tio
291 2581 420 2617 Solem
444 2580 567 2618 subit?
594 2581 685 2618 cum
709 2581 853 2631 semper
872 2581 1110 2628 uniusmodi,
1134 2585 1271 2621 eadem
1295 2584 1392 2626 luce,
1422 2585 1557 2621 eadem
1572 2582 1737 2632 pulchri-

209 2636 357 2678 tudine,
381 2635 599 2684 eodemdue
621 2647 734 2674 motu
757 2638 959 2686 appareat?
1015 2640 1190 2677 Mutatur
1212 2637 1302 2676 sane
1325 2639 1502 2681 nonsibi,
1520 2639 1582 2676 sed
1605 2638 1732 2679 nobis,

209 2692 304 2729 dum
324 2693 435 2729 Luna
461 2692 557 2728 inter
580 2692 789 2735 nostrtim,⁴
804 2695 842 2729 ὃ(
859 2693 959 2729 illius
983 2706 1124 2742 corpus
1138 2696 1415 2743 interponitur;
1438 2704 1522 2731 tum
1543 2695 1649 2731 enim
1669 2693 1735 2729 Ec-

211 2746 344 2794 clipsin
366 2748 519 2793 patitur,
534 2749 571 2783 &
593 2746 715 2796 figura
729 2748 1016 2789 orbicularis.in
1040 2750 1217 2787 lunarem
1232 2759 1424 2788 mutatum
1450 2750 1486 2786 id
1507 2751 1547 2786 in
1571 2750 1735 2795 conjun-

211 2802 342 2838 ctione
364 2802 484 2838 Lunae
498 2801 762 2844 &Solis‚alias
776 2814 859 2840 non
871 2802 925 2839 fit.
981 2805 1121 2841 Voluit
1134 2807 1225 2853 itaq,
1243 2804 1368 2854 Mysta
1388 2804 1608 2848 indicare,se
1625 2814 1736 2840 amo·

212 2868 252 2894 re
262 2857 462 2907 conjugali
476 2858 528 2894 ita
538 2858 670 2901 teneri,
686 2868 726 2895 ut
746 2857 833 2896 suus
857 2858 1026 2908 amplius
1051 2873 1136 2898 uon
1155 2860 1214 2901 sit3
1229 2860 1403 2909 dumque
1417 2858 1606 2910 praesentia
1620 2860 1656 2896 ὅ(
1670 2869 1736 2895 co·

1674 2913 1734 2963 pia
