1877 3277
278 313 434 327 †,.=
586 282 1095 354 -4DuAssus-
1534 230 1632 302 4&

254 375 306 413 Vt
323 375 407 413 cluae
431 374 611 413 anchorae
660 388 779 415 naves
817 374 899 413 nea
917 375 1095 425 procellis
1118 373 1278 413 marinis
1298 373 1642 424 conquascentur,

102 442 148 471 ac
175 441 420 481 rumpantur,
434 431 580 468 securas
592 430 768 470 reddunt:
783 433 833 469 ita
860 431 973 482 leges,
991 432 1030 469 ὅ(
1043 442 1151 469 arma
1165 431 1463 480 rempublicam,
1475 443 1525 469 nc
1535 430 1556 470 ὲ
1569 442 1646 470 tur·

99 489 173 531 bis,
192 498 259 530 aut
270 486 455 524 seditione
477 486 730 536 perturbetur,
744 497 811 525 aut
823 485 1073 535 subvertatur:
1132 487 1214 524 Lex
1228 488 1335 524 enim
1350 481 1545 536 tanquam
1559 489 1646 525 ani-

101 556 167 580 ma
180 543 330 592 reipub.
353 553 484 581 totum
508 553 648 590 corpus
669 555 719 581 ne
731 541 987 585 morbosum,
1010 542 1414 587 valetudinarium,ac
1434 543 1538 581 male
1549 540 1646 581 affe·

101 599 208 637 stum
225 596 633 642 reddatur,conservat.
687 598 753 636 Ad
767 597 929 643 salutem
941 598 1047 636 enim
1059 597 1219 643 civium.
1232 596 1519 648 civitatumriue
1533 600 1645 636 inco·

97 655 334 696 lumitatem,
350 655 549 700 vitamque
570 652 784 692 hominum
797 655 970 702 quietam
991 664 1036 690 ac
1052 653 1220 696 beatam,
1235 655 1403 692 conditae
1428 653 1517 691 sunt
1528 655 1644 704 leges,

101 711 284 758 utinquit
314 708 465 747 Cicero:
487 708 566 746 Vbi
579 707 677 757 leges
698 721 780 747 non
794 707 892 753 sunt,
909 709 962 746 ibi
975 708 1101 757 probi,
1117 709 1396 758 improborum
1409 708 1563 747 libidini
1576 720 1644 748 ex·

100 763 409 815 pofiti,misetam
423 764 584 801 trahunt
593 766 666 802 vita
674 777 725 804 ms
735 775 777 802 ut
786 766 889 814 apud
905 763 1215 807 Barbaros,inter
1225 776 1327 814 quos
1338 766 1578 814 potentiores
1591 765 1643 802 lc·

98 822 213 871 gibus
225 819 340 857 soluti
353 848 363 864 ,
378 831 534 859 caeteros
555 821 797 869 opprimunt.
857 821 1073 867 Praecipuus
1100 821 1233 868 itaque
1252 819 1391 869 scopus
1409 820 1461 858 cst
1483 819 1642 871 legum,

99 877 191 914 suos
204 876 424 914 incolumes
437 874 675 920 conservare,
689 888 734 913 ac
747 875 846 914 nihil
856 875 926 913 nisi
942 873 1118 919 salutem,
1135 887 1256 925 atque
1267 876 1473 915 utilitatem
1484 876 1637 927 reipubl.

99 943 333 983 proponere,
350 932 454 969 utait
469 931 647 969 Ovidius:

314 987 419 1036 Inde
429 988 531 1045 data
542 985 721 1050 leges,ne
728 986 885 1053 fortior
893 986 1036 1034 omnia
1046 984 1182 1049 poffet.

219 1056 370 1098 Verum
394 1070 476 1096 non
491 1060 628 1104 juvant
644 1058 758 1107 leges,
781 1056 803 1093 fi
819 1069 927 1094 arma
943 1059 978 1094 &
995 1056 1157 1093 ministri
1178 1056 1248 1105 qui
1273 1054 1359 1094 illas
1378 1063 1641 1105 exequantur,

98 1114 233 1154 desint.
291 1114 426 1151 Armis
450 1115 557 1161 enim
578 1112 799 1162 improbi&
819 1114 943 1162 quiin
960 1113 1085 1162 legem
1098 1121 1272 1161 peccant,
1287 1122 1354 1149 aut
1365 1111 1543 1162 rempub.
1558 1123 1643 1161 per·

98 1171 251 1208 turbate
270 1169 433 1213 student,
449 1169 650 1208 coercendi
670 1166 768 1211 sunt,
785 1170 821 1206 &
847 1168 1052 1216 plectendi.
1121 1166 1281 1211 Praestat,
1304 1167 1456 1205 nullam
1477 1168 1645 1205 condere

99 1226 236 1276 legem,
251 1236 372 1272 quam
388 1225 592 1273 nontueri.
650 1224 758 1261 Dum
779 1225 886 1262 enim
901 1223 982 1273 latae
1008 1235 1090 1260 non
1107 1221 1325 1267 servantur,
1348 1225 1386 1260 ὅ(
1411 1223 1644 1272 legislatoris

98 1283 134 1319 ὅ(
150 1281 280 1330 legum
300 1279 517 1318 authoritas
529 1280 824 1323 diininuitur,ac
837 1280 1107 1328 improborum
1119 1279 1304 1327 peccandi
1315 1279 1477 1316 audacia
1490 1277 1636 1322 crescit,

98 1334 344 1385 bonorumc'p
362 1337 438 1373 vita
453 1335 668 1381 majoribus
679 1335 856 1385 periculis
866 1336 1090 1384 exponitur.
1112 1335 1208 1383 Qo
1219 1335 1326 1370 enim
1338 1332 1540 1371 severiores
1553 1332 1643 1370 sunt

103 1393 220 1442 leges,
235 1389 483 1441 atrociust'que
498 1391 677 1440 improbi
691 1391 924 1439 puniuntur,
939 1388 989 1427 co
1007 1388 1187 1431 securior,
1211 1390 1345 1432 tutior,
1359 1398 1476 1436 atque
1489 1389 1644 1426 beatior

98 1448 302 1484 bonorum
324 1449 401 1484 vita
424 1447 604 1484 redditur.
665 1447 769 1495 Qid
793 1456 942 1483 metuat
963 1446 1107 1494 probus
1135 1443 1410 1482 severissimam
1433 1444 1574 1494 legem,
1599 1445 1643 1483 in

97 1515 227 1558 quam¹
243 1504 430 1553 peccandi
448 1515 536 1541 nori
548 1501 599 1540 est
610 1502 787 1540 animus:
803 1500 924 1556 aupfi
947 1510 1092 1553 peccet,
1114 1499 1151 1537 se
1179 1498 1371 1551 supplicio
1389 1500 1557 1551 dignum
1578 1501 1644 1551 jug

98 1559 217 1598 dicet?

518 1645 863 1709 FESTINA
939 1644 1230 1696 LENTE.

251 1734 376 1775 Lente
401 1739 574 1786 procedit
594 1738 765 1777 testudo:
786 1737 849 1775 scd
874 1735 1012 1776 secure.
1071 1735 1195 1775 Lente
1216 1736 1271 1775 ob
1292 1748 1397 1776 onus
1424 1738 1462 1774 &
1477 1736 1642 1786 impedi·

99 1802 280 1830 mentum
298 1821 308 1836 ‚
351 1795 457 1832 Nam
482 1794 733 1834 domicilium
760 1794 950 1830 adnatum
978 1792 1109 1831 secum
1141 1793 1226 1832 fert.
1342 1790 1503 1837 Secure,
1530 1791 1643 1841 quod

98 1848 347 1886 domicilium
370 1847 462 1886 scuti
476 1850 593 1887 instar
615 1849 680 1894 sit,
703 1850 900 1897 quointer
919 1849 1078 1898 rupium
1101 1849 1318 1898 praecipitia‚
1342 1847 1368 1885 li
1402 1848 1556 1886 decidat
1579 1847 1642 1885 vel

98 1902 197 1941 saxis
218 1904 419 1948 obruatur,
439 1915 527 1942 tuto
546 1907 612 1948 irc,
635 1905 927 1943 &commorari
949 1905 1047 1942 mira
1070 1914 1217 1942 naturae
1236 1904 1482 1953 providentia
1503 1902 1644 1952 potest.

99 1959 153 1996 Vt
176 1970 308 1997 autem
340 1960 517 1998 festinare
550 1961 745 2003 videatur,
783 1960 915 1997 velum
943 1958 1145 2008 appictum
1162 1959 1214 1997 est
1236 1961 1341 1997 venti
1365 1958 1502 1996 afflatu
1523 1959 1641 2007 turgi-

99 2014 210 2053 dum.
298 2016 407 2052 Nam
447 2017 646 2053 testudinis
683 2027 841 2053 moram
868 2012 1101 2064 lentumc'iue
1135 2014 1351 2064 proccffum
1383 2013 1516 2050 insulae
1541 2012 1641 2050 mari

97 2070 313 2108 innatantis
352 2073 533 2120 gravitas,
573 2071 751 2109 ostendit.
883 2069 1026 2119 Saepius
1048 2071 1232 2118 repetitur
1245 2069 1483 2120 Symbolum
1510 2069 1641 2106 hocin

99 2124 210 2168 libro,
235 2138 280 2163 ac
301 2138 393 2163 eum
421 2128 490 2174 qui
525 2139 583 2164 res
608 2127 772 2168 arduas,
798 2127 837 2163 δε
860 2137 1024 2176 magnas
1047 2124 1170 2163 foelici
1203 2136 1293 2162 cum
1317 2122 1483 2162 successu
1514 2134 1643 2173 gerere

99 2181 195 2223 vult,
221 2192 351 2230 neque
376 2181 662 2225 festinantct‚&
688 2178 928 2225 inconsulte:
951 2179 1013 2218 sed
1036 2178 1150 2223 lente,
1172 2192 1216 2218 ac
1238 2179 1438 2229 expectata
1468 2177 1644 2217 occasio·

99 2247 148 2272 ne
172 2235 300 2274 facere
319 2237 471 2281 debere,
489 2237 615 2275 docet:
689 2235 866 2273 Primum
886 2236 995 2273 enim
1006 2236 1100 2284 quid
1117 2235 1314 2284 agendum
1338 2233 1403 2279 fir,
1427 2232 1568 2272 deinde
1588 2244 1641 2272 an

101 2290 184 2328 fieri
205 2291 336 2340 possit,
350 2293 630 2341 cogitandum:
651 2291 761 2328 Tum
774 2289 936 2328 demum
951 2291 1161 2340 quomodo
1171 2290 1253 2328 ficri
1268 2289 1399 2340 possit,
1414 2288 1641 2327 consultan-

98 2347 208 2389 dum,
224 2358 270 2385 ac
292 2347 488 2396 postremo
511 2349 701 2390 rationes,
730 2346 943 2389 machinae‚
971 2346 1301 2389 autinstmmenta
1315 2373 1326 2389 ,
1342 2345 1389 2383 ad
1411 2357 1494 2382 rem
1510 2356 1642 2395 geren·

98 2401 192 2439 dam
219 2402 362 2440 idonea
377 2431 387 2446 ,
409 2403 615 2452 quaetenda
635 2401 736 2439 sunt:
805 2401 895 2439 Haec
921 2402 1028 2438 enim
1053 2400 1077 2438 fi
1099 2402 1186 2448 quis
1206 2401 1408 2451 diligenter
1430 2400 1643 2450 perpende·

99 2458 158 2499 rit,
182 2469 226 2494 ac
249 2459 289 2495 in
314 2469 498 2508 promptu
524 2459 726 2500 habuerit,
754 2454 1087 2505 occafionemthe
1110 2457 1164 2493 rei
1183 2457 1357 2506 gerendae
1377 2456 1564 2493 idoneam
1581 2466 1640 2492 re-

100 2510 286 2560 spondere
312 2515 607 2551 animadvertit:
645 2524 728 2550 non
762 2512 965 2553 cunctetur
993 2510 1182 2561 amplius:
1218 2511 1366 2560 (elapsa
1398 2513 1507 2548 enim
1525 2509 1645 2549 seme}

101 2567 254 2605 occalio
268 2566 356 2605 raro
370 2572 542 2617 remeat)
573 2568 633 2606 sed
654 2565 1135 2616 circumspee'tfflenteque
1161 2566 1323 2604 festinet:
1380 2567 1564 2615 Percipict
1603 2576 1642 2602 e·

101 2624 183 2660 nim
200 2622 234 2659 se
254 2620 526 2673 desideratum,
539 2620 801 2674 optati-unriue
817 2633 946 2660 rerum
967 2621 1125 2661 suarum
1137 2624 1288 2660 exitum
1302 2650 1312 2667 ,
1333 2632 1378 2660 ac
1398 2620 1521 2659 finem
1544 2632 1643 2659 con—

103 2676 370 2725 sequuturum.

793 2790 898 2848 134
1382 2787 1643 2839 FIDEM
