1877 3277
156 271 199 304 1*
269 288 281 300 .

161 267 335 366 υξίίῗτιιῐ,
349 332 434 360 non
446 320 579 359 minus
590 322 728 362 virtute
741 318 933 370 rebusc'lue
948 320 1094 359 bellicis
1107 320 1231 371 gloria
1249 321 1287 359 ὃς
1304 319 1462 358 honore
1475 320 1582 363 clari,
1595 319 1633 356 ὅ(
1659 317 1701 354 il-

160 380 292 422 lustres
305 377 406 421 suut,
424 379 473 415 ita
487 388 526 416 ut
541 377 637 415 nihil
653 377 822 426 amplius
835 378 924 416 illos
936 376 1144 415 defiderare
1158 375 1274 425 posse,
1288 377 1375 424 quis
1389 376 1600 417 arbitretur.
1623 373 1701 411 Ve-

159 437 249 474 tum
259 447 305 472 ca
318 435 369 472 est
384 434 517 481 magni
528 430 759 481 excelsisque
770 434 951 476 aniam&
964 434 1040 470 veri
1055 433 1234 481 principis
1246 433 1415 476 indoles,
1430 431 1537 481 isc‘1ue
1547 431 1701 481 genius,

162 502 206 530 ut
217 491 362 538 semper
376 489 513 526 altiora
531 498 646 536 petat,
662 486 897 537 major-acme
908 490 1055 538 cupiat,
1071 500 1116 526 ac
1129 500 1338 537 nunquam
1361 499 1579 525 extremum
1595 485 1704 523 foeli«

160 548 284 585 citatis
298 545 457 582 culmen
471 543 504 587 se
517 541 728 583 assecutum
743 553 860 593 putet.
916 542 1158 585 Laudandus
1180 542 1360 593 profesto
1374 572 1383 587 ,
1409 540 1626 592 magnique
1644 540 1704 579 fa-

161 603 322 640 ciendus
337 603 367 636 is
382 600 588 648 appetitus,
602 599 627 637 si
642 601 799 638 virtutes
815 598 992 637 sestetur:
1016 600 1094 637 hoc
1114 601 1221 635 enim
1245 600 1311 637 illa
1333 601 1494 638 mndcm
1521 608 1705 646 compre·

161 658 345 696 henditur
357 666 402 693 ac
412 664 579 700 tenetur,
605 652 886 705 ‚tenentetnc'lue
899 665 1038 696 aeterna
1054 656 1231 695 mercede
1253 654 1373 693 satiat.

741 767 1108 818 CAUTIUS.

316 862 553 909 Circumfert
574 864 705 907 secum
726 865 975 905 domicilium
990 893 999 907 ‚
1026 863 1178 902 scutum
1194 891 1204 907 ,
1228 875 1273 900 ac
1293 861 1540 912 sepulchrum
1562 862 1705 899 limax:

161 916 274 964 Dum
285 920 404 957 nimis
417 919 664 958 confidenter
676 922 785 970 repit,
800 923 837 959 ὅ(
853 920 920 958 sub
935 919 1057 964 scuto,
1079 930 1147 956 aut
1166 919 1354 959 testudine
1369 918 1432 956 sua
1458 931 1543 956 non
1568 918 1706 962 latitat,

161 973 294 1025 sagitta
307 975 454 1020 feritur,
466 987 554 1024 quae
567 978 606 1013 in
624 977 703 1014 hoc
716 978 972 1026 Hicroglypro
984 976 1155 1013 humeris
1168 974 1290 1012 infixa
1304 984 1478 1023 apparet.
1536 974 1706 1024 Symbo-

160 1030 248 1069 lum
262 1032 315 1068 ait
325 1031 477 1068 cautius
493 1031 756 1069 incedendum
771 1032 897 1068 fuisse:
925 1033 1166 1081 Quicunque
1186 1032 1292 1069 enim
1310 1031 1458 1074 hostes,
1474 1029 1533 1067 vel
1549 1028 1707 1068 adversa

162 1096 326 1130 veretur,
341 1088 392 1125 ita
406 1085 442 1124 se
455 1088 625 1130 munire,
641 1100 686 1125 ae
700 1089 750 1124 ita
775 1088 978 1136 prudenter
999 1085 1032 1123 se
1045 1098 1172 1136 gerere
1189 1087 1302 1123 debet
1316 1115 1325 1130 ,
1348 1096 1389 1122 ur
1411 1085 1562 1136 praevisa
1577 1086 1708 1132 jacula

162 1148 375 1186 evitentur,
405 1154 455 1179 ne
488 1142 642 1180 feriant.
704 1143 874 1181 Pericula
907 1144 1026 1180 etiam
1057 1141 1172 1181 semel
1210 1141 1378 1191 suscepta
1409 1143 1614 1186 erudiunt,
1662 1153 1708 1178 ac

162 1197 429 1247 prudentiores
445 1196 604 1235 faciunt.
659 1199 741 1235 Fuit
762 1198 827 1235 iste
843 1199 1021 1246 Princeps
1043 1198 1091 1235 ab
1103 1196 1284 1246 Hispanis
1309 1196 1708 1246 incarceratus‚quod

161 1264 254 1291 cum
270 1254 378 1302 Rege
391 1252 539 1298 Galliae,
554 1253 650 1290 dum
662 1255 879 1291 Navarram
892 1265 1115 1303 recuperare
1128 1253 1177 1290 ab
1194 1254 1313 1290 Iberis
1328 1253 1441 1291 vellet
1452 1282 1461 1297 ‚
1478 1253 1637 1303 paetum
1651 1252 1706 1290 se-

160 1318 310 1346 cretum
323 1306 531 1346 habuiffet:
552 1320 597 1346 ac
608 1309 657 1346 ad
672 1311 823 1358 Regem
845 1310 1031 1346 redeunte
1044 1310 1084 1346 in
1096 1309 1269 1346 Galliam
1293 1311 1474 1352 exercitu,
1489 1310 1626 1360 fugam
1642 1311 1706 1346 in-

163 1363 345 1403 stituisset.
403 1363 507 1401 litus
521 1365 652 1412 itaque
671 1364 827 1403 adversa
842 1364 1003 1402 fortuna
1027 1366 1064 1402 ὃς
1078 1375 1226 1413 captus,
1250 1377 1333 1402 non
1358 1363 1472 1402 facile
1483 1365 1704 1410 fidendum,

160 1432 206 1458 ac
218 1419 444 1469 prudentius
459 1421 662 1461 &cautius
681 1432 786 1463 eum,
801 1422 869 1468 qui
886 1421 982 1457 liber
1004 1420 1067 1462 est,
1097 1422 1135 1458 ὃς
1157 1421 1321 1466 alicujus
1343 1431 1466 1470 partes
1479 1420 1584 1470 sequi
1607 1422 1705 1465 vult,

161 1476 257 1524 quid
269 1485 372 1524 agat,
385 1477 613 1515 examinare
623 1476 774 1520 debere,
790 1475 864 1513 hac
876 1475 1159 1525 Hierographia
1182 1476 1360 1514 ostendit.
1417 1478 1498 1514 Lex
1520 1477 1599 1515 haee
1614 1489 1707 1527 pru·

159 1531 266 1568 denti
281 1533 363 1568 viro
375 1543 447 1580 prae
459 1531 583 1568 oculis
598 1530 785 1581 perpetuo
798 1531 860 1569 fit:
881 1531 1099 1570 Periculosa
1115 1533 1253 1569 omnia
1275 1531 1550 1581 circumspecte
1564 1535 1602 1571 ὅ(
1618 1545 1706 1571 non

161 1585 231 1624 niss
245 1587 434 1625 omnibus
445 1586 589 1632 modis,
603 1589 746 1636 quibus
755 1588 949 1625 damnum
963 1587 1091 1627 inferri
1106 1587 1476 1636 possit‚examinatis
1488 1590 1640 1639 agenda
1653 1587 1707 1627 es-

161 1641 224 1682 se.v
270 1643 418 1691 Vigiles
436 1644 544 1680 enim
556 1653 597 1681 ut
608 1643 758 1689 velis‚&
774 1644 979 1692 praevideas
992 1643 1132 1681 cunsta
1144 1671 1154 1686 ‚
1174 1644 1236 1680 vix
1252 1643 1381 1681 adhuc
1394 1644 1530 1683 illaesus
1550 1645 1704 1684 evades.

216 1693 270 1736 Vt
282 1698 400 1736 tutius
414 1698 570 1740 evadas,
583 1698 783 1746 deterrima
799 1710 884 1746 quae
902 1699 1130 1748 contingere
1144 1698 1304 1747 possint,
1331 1699 1462 1738 futura
1476 1701 1650 1747 statuite,

396 1765 442 1791 ac
453 1754 511 1801 ijs,
529 1764 578 1790 ne
592 1753 702 1797 fiant,
717 1754 826 1799 astus
840 1757 878 1792 ὅ(
893 1754 1052 1792 consilia
1067 1753 1262 1792 selectiora
1277 1755 1464 1804 obijcito:

519 1810 573 1846 ita
606 1809 854 1848 CAVTIVS
890 1820 957 1847 tua
979 1810 1150 1848 institues
1166 1838 1176 1854 ,
1200 1813 1344 1862 pericu-

720 1865 760 1903 la
783 1865 934 1908 vitabis,
950 1867 987 1903 ὃς
1001 1866 1166 1916 prudens

893 1933 978 1960 eris.
