1877 3277
93 228 270 282 profecto
291 228 432 280 dignus
445 230 509 283 bic
527 231 723 282 PrincepS‚
737 232 800 282 cui
810 233 950 281 populi
964 232 1119 282 placent
1130 237 1347 276 commoda
1361 266 1371 282 ,
1387 244 1438 277 ‘ac
1450 242 1519 289 qui
1531 178 1623 281 [ἷξε

92 283 364 337 petius,quarn
377 285 411 335 se
432 285 570 338 florere
581 289 697 339 cupit:
754 286 848 339 Ipsis
867 289 976 326 enim
988 287 1087 333 bene
1109 290 1346 331 habentibus
1359 322 1369 340 ‚
1385 304 1453 333 aut
1474 296 1621 335 floren·

90 343 194 380 tibus
210 370 221 386 ,
243 342 309 394 ille
341 342 442 385 bene
463 342 582 380 habet
596 369 608 386 ‚
628 339 673 386 ac
686 342 809 381 floret.
863 342 971 382 Cum
988 343 1023 381 se
1034 345 1291 389 solosflorere
1315 350 1471 396 volunt,
1487 353 1527 390 &
1547 364 1622 402 pu-

89 409 172 437 tant
193 396 525 448 principes,specie
538 397 688 446 florent,
701 397 821 449 reipsa
836 398 1096 438 marcescunt:
1119 403 1158 440 id
1171 404 1302 452 postea
1327 417 1457 445 rerum
1469 409 1621 458 peticu-

85 452 139 500 λα,
152 467 238 505 quae
253 453 391 504 populi
415 452 561 507 auxilia
581 453 762 510 poscunt,
776 454 874 506 dum
893 455 1004 494 nulla
1024 456 1113 496 sunt
1133 459 1354 510 ostendunt.
1374 454 1376 456 ’

206 581 558 652 PLACentia.
610 584 1081 649 ROMANorum
1134 588 1555 663 (ῑοιοΝ-ῑεϊ

232 692 462 742 Praecedenti
484 690 636 743 scholio
655 691 826 744 diximus
846 693 1005 742 Lupam
1027 696 1243 734 Romanos
1256 726 1266 740 ‚
1288 696 1399 746 quod
1412 700 1616 739 Romulus

81 749 244 788 illorum
272 747 417 799 author
440 746 463 784 a
494 748 587 799 lupa
609 748 776 797 nutritus
797 747 864 793 fit,
885 749 1078 788 indicare:
1104 753 1194 801 Ejus
1216 753 1358 803 effigies
1383 752 1452 793 hie
1471 757 1616 794 iterum

81 805 301 844 exhibetur.
355 803 523 854 Historia
545 800 637 840 vero
651 802 729 840 haec
742 802 814 847 cst,
839 802 932 841 cum
954 804 1130 853 Amilius
1151 799 1408 847 Numitorem
1428 810 1586 849 fratrem
1600 839 1613 856 ,
1636 846 1639 847 γ

78 858 144 898 eiii
162 871 329 910 regnum
360 859 532 907 legatum
554 857 576 895 a
601 868 704 907 patre
729 858 879 904 fuerat,
898 871 1022 909 regno
1037 862 1258 911 expulisset,
1287 876 1333 902 ac
1354 864 1509 915 stirpem
1530 868 1614 914 ejus

79 915 295 965 masculam
314 914 570 962 interemisset,
592 912 796 965 filiamqiie
816 915 898 964 ejus
912 943 923 959 ,
949 916 1109 962 Rheam
1123 918 1298 967 Sylviam
1324 910 1506 959 vestalem
1537 924 1614 960 vir·

76 973 227 1022 ginem,
251 980 293 1008 ut
315 969 394 1018 spes
416 979 546 1021 partus
569 980 752 1018 perpetua
766 971 983 1023 virginitate
1005 972 1061 1010 illi
1081 973 1317 1012 adimeretur
1340 975 1501 1023 fecisset:
1537 977 1611 1015 Illa

77 1028 115 1066 vi
139 1024 351 1075 compreffa
381 1026 533 1063 incerto
554 1035 684 1074 patre,
716 1027 895 1075 geminos
928 1026 1064 1072 edidit,
1090 1029 1159 1077 qui
1180 1022 1235 1066 'ab
1261 1029 1421 1077 Amilio
1449 1033 1491 1069 in
1523 1043 1612 1081 pro·

76 1082 265 1135 fluentem
277 1092 423 1129 aquam
438 1080 794 1127 mittijubebantur.
851 1081 1002 1119 Vei-um
1014 1081 1106 1133 cum
1117 1084 1330 1128 deferentes
1362 1087 1402 1125 in
1429 1090 1611 1136 proxima

74 1138 232 1181 alluvie,
257 1137 381 1186 pueris
392 1134 884 1186 expofitis,discederent,ac
894 1136 1018 1176 statim
1030 1150 1133 1187 aqua
1145 1133 1337 1189 recedens,
1352 1142 1440 1180 illos
1454 1143 1494 1180 in
1509 1142 1610 1181 ficco

72 1192 295 1244 reliquisset:
319 1193 433 1241 Lupa
464 1191 595 1229 sitiens
625 1192 675 1228 ad
700 1203 846 1244 aquam
866 1194 986 1236 venit,
1011 1205 1056 1231 ac
1079 1194 1127 1232 ad
1155 1190 1303 1245 pueros
1319 1198 1514 1247 vagientes
1545 1200 1612 1237 de-

74 1245 189 1293 flexa,
211 1247 409 1300 submissas
430 1259 627 1285 mammas
645 1248 718 1286 illis
740 1247 943 1296 praebebat,
957 1248 1172 1300 linguadue
1195 1251 1395 1298 lambebat
1412 1253 1607 1304 tantisper,

72 1305 202 1342 donec
222 1303 422 1341 Faustulus
436 1303 565 1352 pastor
587 1302 775 1353 surreptos
803 1315 945 1352 pueros
975 1305 1162 1352 auferret,
1185 1317 1230 1354 ac
1256 1308 1471 1352 LaurentIae
1495 1311 1610 1348 uxori

71 1360 298 1411 educandos
310 1359 431 1396 daret.
485 1359 596 1395 Istius
610 1359 805 1403 Romanae
817 1360 962 1408 origIns
977 1360 1090 1398 causa
1105 1361 1195 1410 lupa
1217 1364 1325 1412 pingi
1349 1354 1466 1407 solet,
1487 1366 1525 1403 δ(
1547 1365 1608 1403 lu-

69 1428 125 1466 pae
138 1414 328 1464 sculptura
342 1426 433 1452 cum
444 1415 619 1463 gemellis
633 1442 643 1458 ‚
658 1415 789 1452 adhuc
819 1413 938 1452 hodie
959 1417 998 1452 in
1011 1418 1202 1465 capitolio
1225 1430 1270 1455 ex
1288 1417 1483 1468 Asphalto
1512 1420 1607 1469 lapi-

68 1472 117 1510 de
138 1470 385 1523 conspicitur.
442 1469 591 1507 Verum
624 1482 710 1508 non
733 1469 863 1508 solum
885 1472 975 1521 lupa
990 1499 1000 1515 ,
1026 1471 1088 1508 sed
1112 1473 1288 1522 Tyberis,
1313 1475 1406 1522 quia
1424 1475 1607 1513 Romam

69 1526 301 1577 praeterfluit,
319 1527 533 1563 Romanos
556 1525 728 1563 indicare
758 1525 870 1565 soler.
929 1526 994 1563 Ob
1008 1527 1058 1572 id,
1081 1527 1174 1564 huic
1193 1528 1485 1579 Hierogtaphiae
1495 1533 1605 1580 appi-

68 1584 152 1621 ctus
176 1583 229 1632 est
249 1594 340 1620 cum
357 1581 503 1630 sceptro
517 1609 526 1625 ,
542 1583 690 1630 imperii
716 1581 1036 1632 videlicetssigno.
1092 1583 1238 1633 Mulier
1260 1594 1392 1623 autem
1408 1585 1545 1630 eresta,
1564 1588 1605 1625 ὃς

68 1638 543 1687 Galcatavie‘toriam,aut
564 1638 798 1674 Romanam
822 1638 1040 1685 civitatem,
1063 1648 1131 1675 aut
1155 1638 1379 1677 Coloniam
1411 1639 1525 1689 ipsius
1548 1642 1603 1678 in·

64 1695 191 1733 dicare
211 1694 355 1743 potest,
378 1705 462 1741 quae
481 1691 613 1730 florere
627 1694 879 1740 Placentiam,
896 1693 1004 1741 quod
1025 1693 1159 1730 dextra
1184 1707 1308 1732 manu
1329 1695 1470 1739 lilium,
1485 1708 1529 1734 ac
1557 1696 1604 1733 fi·

66 1751 184 1788 nistra
205 1749 464 1798 cornucopiae,
480 1750 706 1793 contineat,
729 1746 830 1786 clare
850 1748 1029 1786 ostendit.
1064 1749 1102 1785 Si
1121 1751 1207 1798 quis
1236 1751 1406 1794 dubitet,
1431 1752 1603 1801 Symbo-

67 1806 149 1844 lum
173 1804 372 1843 consulat:
388 1804 427 1842 id
439 1806 546 1841 enim
559 1804 726 1855 figuram
738 1832 749 1850 ‚
763 1803 825 1842 etfi
847 1816 935 1843 non
953 1805 1110 1856 integris
1132 1806 1269 1851 verbis,
1285 1808 1465 1856 explicat.

271 1936 711 1988 SECURITAS
768 1936 1252 1986 PLACENTIAE
1311 1939 1407 1988 ET

714 2032 739 2066 Ρ
761 2031 788 2065 Α
815 2034 846 2066 R
870 2033 909 2065 M
933 2034 984 2066 AE.

214 2121 407 2173 Securitas,
427 2122 467 2159 in
491 2122 788 2173 AEgyptiorum
812 2119 1123 2170 Hieroglyphicis
1151 2119 1240 2158 sella
1267 2120 1396 2169 notari
1429 2118 1598 2163 solebat,

60 2177 169 2225 quod
192 2189 235 2214 ea
256 2178 432 2214 membra
453 2177 646 2220 delassata,
663 2177 741 2224 frui,
759 2177 890 2225 quiete
922 2176 1080 2224 possent:
1139 2176 1328 2225 Securitas
1353 2177 1459 2212 enim
1489 2176 1598 2223 quies

59 2231 239 2282 quidam
259 2234 382 2270 animi
404 2234 466 2270 est.
525 2231 601 2277 Hic
623 2233 765 2281 duplex
794 2230 882 2269 sella
904 2230 1114 2281 spes‘mtur,
1148 2244 1226 2268 una
1249 2234 1312 2269 cui
1331 2232 1439 2281 virgo
1461 2230 1597 2268 securi-

58 2298 115 2325 tas
137 2287 283 2332 insidet,
298 2289 416 2326 altera
432 2301 517 2336 quae
535 2289 669 2337 ignem
701 2288 891 2326 continet.
951 2286 1104 2324 Deinde
1130 2289 1238 2336 virgo
1262 2287 1389 2325 facem
1415 2288 1454 2323 in
1473 2297 1598 2325 manu

59 2343 201 2381 habere
224 2346 402 2394 cernitur,
418 2342 680 2392 proculdubio
714 2353 757 2380 ut
777 2342 1022 2385 ostendatur,
1045 2354 1230 2390 quaenam
1251 2342 1314 2385 fit,
1349 2352 1415 2379 aut
1447 2343 1487 2378 in
1511 2354 1596 2389 quo

57 2399 234 2436 consistat
245 2399 422 2438 securitas
448 2400 646 2436 Placentiae
667 2401 704 2436 ὅ(
721 2400 934 2440 Parmae,ut
961 2397 1200 2447 Symbolum
1223 2400 1289 2435 ait.
1347 2398 1596 2448 Ignisitaquc

56 2454 127 2497 est,
150 2466 196 2491 ac
215 2454 253 2490 id
275 2453 385 2501 quod
405 2456 503 2503 ignis
528 2453 687 2504 mystice
711 2453 919 2503 fignificat:
951 2453 1152 2502 vigilantia
1188 2450 1341 2502 nempe.
1411 2454 1464 2489 Vt
1485 2455 1593 2490 enim

53 2510 177 2559 ignis,
199 2511 374 2548 tenebras
399 2509 546 2554 insidiis
570 2509 703 2558 plenas
735 2509 866 2558 pellit,
887 2520 931 2545 ac
956 2509 1088 2546 minus
1113 2507 1239 2559 secura
1254 2507 1450 2556 quaesunt,
1478 2509 1594 2545 lumi·

55 2577 105 2602 nc
129 2564 200 2602 suo
229 2564 357 2602 secura
372 2594 381 2608 ,
404 2567 442 2602 δε
464 2575 590 2613 aperta
611 2564 714 2613 facit,
732 2566 781 2602 ita
807 2566 931 2614 etiam
952 2564 1164 2612 vigilantia.
1222 2565 1306 2601 Hac
1330 2563 1519 2611 siquidem
1540 2564 1596 2600 ci·

55 2623 187 2657 vitares
202 2648 212 2663 ‚
237 2622 276 2658 ὃς
300 2633 403 2658 arces
435 2621 484 2658 ab
509 2620 682 2658 hostium
705 2621 806 2661 dolis
826 2647 836 2663 ,
858 2631 902 2655 ac
932 2620 1212 2668 irruptionibus
1235 2619 1518 2662 defenduntur,
1549 2629 1594 2656 ac

54 2675 190 2712 secura=
207 2676 428 2713 redduntur.
486 2676 567 2712 Vbi
590 2676 704 2726 nulla:
731 2674 818 2712 sunt
836 2675 996 2724 vigiliae,
1024 2686 1092 2711 aut
1115 2675 1310 2718 excubiae,
1333 2674 1447 2712 facile
1469 2673 1594 2712 hostis

53 2731 202 2769 vallum
228 2730 402 2779 superat,
426 2743 471 2768 ac
494 2733 742 2768 munitiones
766 2725 1149 2768 ctiam'firmissimas
1172 2740 1354 2778 occupat.
1411 2730 1593 2767 Excubiae

50 2785 354 2835 vigilantissimis
373 2787 559 2824 militibus
581 2788 678 2835 poni
698 2778 863 2829 debent,
890 2796 931 2822 ut
958 2785 1077 2823 securi
1097 2786 1300 2823 dormiant
1331 2786 1442 2823 cives.
1494 2782 1591 2875 fiNisi

817 2842 834 2878 1
1525 2847 1582 2882 at,
