1877 3277
1550 170 1649 222 1¹7·

133 229 377 272 domitore&
391 229 554 269 vien-ore:
576 231 645 279 qni
666 231 727 268 irae
749 228 998 273 moderatur,
1014 220 1139 266 aut'os
1153 221 1288 266 saltem
1305 223 1517 275 refrenarit.
1574 231 1647 266 Vi-

134 287 267 332 detur,
290 287 460 335 inquam
480 314 491 330 ,
516 287 663 332 judicio
684 286 869 333 Principis
927 282 1185 333 Philosophi,
1211 284 1364 331 inquies
1390 295 1475 320 non
1499 284 1645 321 Princi-

135 345 209 392 pis.
247 343 308 379 ·Et
317 353 415 391 ego,
430 341 768 390 Philosophorum
785 341 960 388 princeps
973 368 984 384 ,
999 339 1178 387 inquam,
1191 339 1319 381 Plato,
1335 337 1467 375 felices
1478 339 1584 381 ducit
1599 340 1647 376 il.

134 398 192 435 las
211 398 407 441 civitates,
426 399 467 433 in
486 398 629 445 quibus
649 406 717 434 aut
746 394 979 444 Philosophi
999 404 1183 444 regnant,
1210 404 1277 431 aut
1301 394 1495 443 Principes
1520 394 1646 442 philo-

137 452 367 501 sophantur.
427 452 577 495 Actum
599 453 706 496 enim
729 451 827 488 boni
850 453 888 487 δ(
914 450 1103 498 sapientes
1127 451 1197 488 viti
1210 458 1357 499 agunt,
1380 448 1450 486 nisi
1474 449 1576 486 idem
1591 477 1602 493 ,
1624 447 1648 485 ὲ

136 511 247 554 cujus
262 518 382 551 nutu,
405 507 784 556 caeteridependent,
806 505 884 542 hoc
898 506 1026 555 ipsum
1050 515 1163 555 agat:
1188 507 1226 542 &
1250 504 1359 541 fauo
1375 506 1501 554 magis
1525 504 1650 554 quam

137 563 245 608 disto
258 563 501 611 comprobet.
561 564 648 600 Iam
664 561 787 598 sinon
807 562 936 609 iniqui
960 560 1091 598 sumus
1117 572 1245 597 rerum
1267 560 1539 600 aestimatoress
1563 572 1649 596 non

105 643 126 647 ⁴-
140 620 241 667 quis.
278 618 351 656 Sed
371 619 465 667 quid
475 618 626 662 dixerit,
648 616 975 654 considerandum
990 616 1051 653 est.
1108 617 1243 653 Nemo
1266 626 1399 652 autem
1409 616 1474 659 cst,
1489 617 1649 654 cuinon

138 675 275 724 magni
295 673 590 723 est,nmgniviri
613 671 834 712 auctoritas.
892 672 999 720 Qd
1012 672 1059 708 de
1070 672 1245 720 Principe
1255 671 1412 708 dicam?
1448 673 1529 721 Qu
1553 672 1652 707 intra

143 730 279 778 potest,
294 728 436 766 suadet.
469 728 631 765 salutare
651 726 859 764 consilium
883 728 1058 775 accipio:
1088 729 1198 773 cujus
1221 727 1469 771 mandatum,
1494 727 1579 763 licet
1592 725 1652 763 sae-

141 796 236 824 vum
253 812 263 827 ,
296 785 438 831 exequi
470 795 608 821 conor.
646 783 743 820 Satis
765 795 835 832 pro
859 780 1093 830 Praeceptore
1114 782 1265 829 {semctt
1293 794 1378 829 quae
1400 784 1511 829 var-ijs
1543 782 1654 828 alijs,

142 849 318 879 mentem
339 839 533 877 vellicant.
589 839 722 876 Venio
746 839 793 875 ad
819 837 1051 874 rhombum.
1109 837 1265 874 Animae
1286 846 1386 885 quot
1414 837 1501 879 sunt
1525 837 1652 873 facul-

141 903 259 939 tates,-
291 894 456 939 totidem
489 895 678 931 animalia
717 895 926 943 appingere
956 891 1252 930 consueverunt.
1311 892 1411 929 Sunt
1435 902 1567 930 autem
1596 892 1652 928 fa-

140 951 299 989 cultates
330 960 404 987 tres
419 978 428 994 ,
452 950 739 987 Ratiocinandi
758 977 768 992 ‚
783 948 997 992 Irascendi,
1037 947 1366 996 Concupisccndi.
1423 948 1468 984 Et
1491 949 1655 996 Reginae

141 1008 286 1051 Ratio:
318 1006 447 1043 Leoni
470 1006 545 1042 ira:
585 1005 715 1042 Simiae
738 1004 1054 1052 concupiscentia
1088 1012 1350 1052 comparatur.
1408 1003 1531 1039 Ratio
1554 1001 1657 1039 certe

140 1061 362 1106 cerebrum,
387 1061 506 1098 veluti
532 1062 679 1109 regiam
698 1070 812 1096 tenet.
872 1060 1022 1097 irarum
1042 1058 1242 1102 fremitus,
1256 1058 1376 1095 veluti
1390 1056 1611 1102 satellitum,
1627 1057 1654 1095 fi

143 1129 228 1155 non
243 1117 299 1154 vis
322 1115 516 1157 ferarum,
535 1117 630 1152 circa
643 1128 712 1152 cor
736 1113 943 1152 versantur.
976 1114 1055 1151 Sub
1079 1115 1269 1152 umbilico
1293 1114 1496 1162 cupiditas,
1510 1113 1656 1151 foedior

140 1172 262 1213 fimia,
276 1171 394 1208 veluti
407 1172 455 1208 ad
479 1172 652 1208 culinam
666 1172 865 1220 relegatur.
920 1170 1049 1219 Mysta
1064 1170 1189 1207 noster
1204 1198 1213 1213 ,
1235 1168 1289 1206 sui
1304 1169 1482 1213 similem,
1500 1166 1579 1212 hic,
1595 1167 1652 1205 su-

142 1229 332 1278 periorem
355 1225 496 1263 infami
521 1227 728 1275 cupiditate
743 1255 751 1266 ,
772 1226 911 1274 arripit.
972 1227 1057 1263 Nec
1079 1227 1188 1262 enim
1210 1226 1297 1262 Leo
1308 1225 1380 1269 est,
1404 1226 1445 1262 in
1470 1228 1581 1271 cuius
1605 1226 1652 1268 ri-

143 1284 251 1321 &um
265 1310 274 1326 ,
305 1294 448 1319 manus
463 1281 654 1320 infinitam
680 1281 739 1318 sed
756 1294 800 1318 os
814 1281 990 1318 hominis
1005 1293 1149 1331 procax
1164 1282 1205 1317 in
1221 1281 1506 1322 contumeliam
1522 1307 1532 1324 ,
1544 1279 1657 1328 quod

145 1338 276 1376 sanate
289 1365 300 1381 ,
315 1340 352 1375 ὅ(
366 1337 492 1387 digitis
516 1337 760 1386 compescere
774 1338 919 1374 nititur.
945 1336 1092 1374 etiamsi
1112 1335 1266 1385 sanguis
1281 1337 1434 1373 bulliret
1457 1337 1555 1372 circa
1576 1347 1655 1373 cor:

146 1397 186 1433 &
202 1405 267 1443 per
278 1405 323 1430 os
336 1421 346 1437 ‚
371 1392 574 1436 scrutatur,
597 1405 676 1440 qua
696 1394 756 1429 via
770 1420 781 1436 ,
808 1393 856 1429 ad
870 1404 938 1429 cor
949 1393 1150 1442 pertingat.
1172 1404 1294 1441 quam
1308 1390 1659 1440 cuminterseptam

148 1450 248 1489 videt
262 1448 441 1485 faucium
453 1448 651 1498 angustiis,
666 1448 899 1486 sententiam
913 1476 922 1492 ‚
938 1449 1058 1487 veluti
1071 1447 1218 1485 salubre
1241 1448 1433 1496 poculum
1448 1475 1457 1491 ,
1473 1445 1580 1494 quasi
1594 1457 1660 1495 per

135 1504 461 1547 ,infundibulum
489 1504 677 1541 infundit.
699 1506 765 1541 Irae
779 1503 820 1540 s1t
841 1503 997 1541 modus.
1033 1504 1254 1540 Rationem
1266 1515 1349 1539 non
1371 1503 1520 1549 adjecit.
1580 1503 1657 1539 Le-

146 1561 336 1612 gislatoris
360 1561 468 1597 enim
482 1560 532 1597 est
542 1560 671 1606 jubere
685 1588 695 1604 ,
711 1571 797 1597 non
819 1557 988 1596 suadere.
1041 1560 1087 1596 Et
1107 1558 1194 1596 satis
1207 1559 1368 1596 rationis
1382 1557 1503 1601 est,in
1519 1557 1657 1594 modo.

147 1618 255 1656 Nam
273 1616 464 1664 quidquid
487 1616 661 1653 modum
676 1615 825 1652 excedit
847 1613 1110 1664 perniciosum
1130 1615 1193 1651 est.
1250 1615 1295 1651 Et
1317 1613 1425 1662 quod
1446 1614 1602 1661 corpori
1619 1625 1657 1648 e-

148 1674 252 1713 venit
266 1700 277 1715 ,
292 1673 332 1708 in
345 1671 621 1720 qualitatibus3
644 1670 724 1708 hoc
746 1673 898 1709 evenire
910 1673 1063 1716 animo,
1078 1669 1221 1707 neceffe
1238 1670 1340 1707 estin
1354 1667 1569 1705 affectibus.
1601 1669 1658 1704 V„

145 1729 326 1776 nobique
338 1729 446 1764 enim
458 1728 505 1764 ad
518 1726 719 1765 sanitatem
730 1756 739 1771 ,
752 1728 1009 1775 temperantia
1022 1727 1241 1774 requiritur.
1272 1724 1344 1761 Sed
1359 1736 1443 1772 quae
1462 1736 1518 1762 res
1532 1752 1541 1767 ,
1564 1724 1659 1771 quid

150 1784 319 1822 modum
347 1784 409 1820 irae
434 1784 594 1831 quaetit?
630 1785 667 1820 &
692 1795 779 1819 non
807 1784 934 1831 potius
969 1781 1093 1818 finem
1117 1781 1266 1819 statuit?
1293 1780 1396 1816 tollit
1423 1782 1434 1816 ἓ
1470 1780 1660 1816 eradicat?

150 1840 272 1889 Qod
297 1837 456 1876 affectus
478 1837 667 1883 neceffarij
695 1837 783 1875 sunt
808 1838 855 1875 ad
871 1838 1083 1874 actionem.
1141 1835 1367 1874 Namsicor
1382 1848 1464 1872 non
1487 1846 1662 1872 movere-

149 1905 220 1939 tur,
235 1898 274 1933 &
293 1893 401 1943 quasi
422 1895 683 1943 impelleretur
703 1895 750 1931 ad
774 1894 997 1943 agendums
1019 1892 1119 1929 nihil
1131 1894 1271 1929 vanius
1291 1891 1429 1934 fuerit,
1450 1891 1550 1927 nihil
1572 1892 1657 1927 ine·

149 1952 263 2001 ptius,
284 1949 383 1987 nihil
406 1949 572 1986 ociosius
596 1951 784 1987 Homine.
842 1950 938 1986 Non
960 1948 1045 1985 sunt
1058 1949 1284 1997 opiniones,
1311 1956 1351 1983 ut
1363 1946 1551 1983 volebant
1562 1946 1663 1982 Stoi·

148 2004 207 2050 ci,
223 2004 398 2043 affectus:
419 2005 568 2042 habent
588 2006 694 2042 enim
716 2004 950 2042 sriasnatura
974 2003 1094 2040 sedes:
1115 2005 1210 2040 &in
1234 2002 1342 2039 resto
1355 2001 1439 2044 usu,
1455 2002 1597 2043 Virtus,
1622 2001 1664 2038 in

154 2073 274 2115 pravo
298 2062 452 2098 Vitium
466 2059 645 2097 consistit.
704 2061 762 2096 Ita
782 2060 897 2096 nobis
911 2071 1003 2095 cum
1022 2058 1150 2108 Mysta
1173 2055 1249 2094 fere
1272 2058 1474 2094 convenit.
1534 2055 1659 2107 Qod

149 2127 279 2157 autem
300 2118 358 2153 ori
370 2117 451 2152 vim
465 2144 474 2159 ,
493 2128 578 2153 non
599 2115 709 2152 cordi
735 2116 948 2153 admoveat
974 2126 983 2152 ε
1007 2113 1050 2150 fit
1071 2114 1199 2150 cordis
1224 2112 1498 2162 magnitudine
1519 2139 1527 2154 ,
1551 2111 1664 2159 quod

151 2172 298 2218 molliti
314 2173 466 2209 ratione
490 2173 527 2208 ὃς
552 2172 733 2208 oratione
760 2171 861 2207 vult:
887 2172 924 2207 δ(
954 2170 1093 2218 linguae
1117 2169 1380 2218 proterviam,
1404 2179 1489 2215 quae
1510 2169 1664 2213 quoties

120 2249 126 2257 ·
153 2227 487 2277 praecurrit,prodit
501 2227 842 2275 perdit,mentem?
867 2225 902 2262 se
914 2224 1206 2268 secandam‚aut
1218 2223 1433 2261 simulcum
1448 2223 1664 2271 capite,car-

154 2282 260 2326 nifici
275 2283 411 2330 praebet
432 2284 443 2318 ’ἓ
470 2282 579 2318 Alibi
602 2283 808 2324 oratione,
825 2279 893 2317 hic
905 2282 942 2318 vi
956 2292 1058 2329 opus
1079 2279 1142 2316 cst.
1200 2280 1377 2317 Manlius
1398 2276 1495 2314 certe
1519 2277 1663 2314 Tribu«

146 2341 256 2375 'num
272 2338 406 2386 plebis,
422 2337 469 2374 ad
482 2337 769 2383 jusjurandum,
786 2348 867 2372 non
881 2337 1032 2372 ratione
1046 2333 1181 2373 traxit3
1204 2333 1264 2371 sed
1276 2333 1364 2370 ense
1386 2333 1517 2370 stricto
1531 2360 1541 2376 ,
1557 2345 1664 2370 mot-

131 2415 134 2419 ·
152 2403 233 2431 tem
247 2395 434 2434 minitans
450 2395 487 2429 ὃ(
503 2393 699 2430 ostentans
713 2392 854 2441 coegit.
889 2391 1063 2428 Moriere
1083 2389 1107 2427 si
1132 2388 1296 2427 emiseris
1319 2400 1472 2426 vocem.
1493 2390 1669 2425 Ratione

152 2459 284 2486 tamen
300 2476 309 2491 ,
325 2447 363 2491 fi,
377 2448 494 2485 veluti
507 2449 713 2489 medicina,
733 2445 884 2489 'nonsit
904 2445 1169 2494 intempestiva
1184 2473 1194 2489 ,
1218 2445 1368 2483 videtur
1399 2444 1524 2482 sanari
1550 2442 1666 2493 poffe,

156 2505 295 2553 linguae
310 2504 599 2552 praecipitantia.
630 2504 780 2539 Natura
806 2502 883 2538 hoc
893 2502 1037 2549 voluit:
1067 2503 1103 2538 δ(
1119 2513 1176 2543 ea,
1191 2500 1386 2543 dentibus,
1401 2509 1444 2536 ut
1457 2499 1577 2543 vallo,
1593 2501 1667 2535 cir-

154 2557 667 2607 cumvallavit:superduxit
690 2558 808 2594 labra.
838 2557 905 2594 Nil
922 2558 1010 2605 agit.
1043 2558 1126 2593 Fert
1153 2555 1352 2605 suppetias
1376 2567 1446 2592 ars.
1485 2555 1667 2603 Augusto

165 2614 368 2652 familiaris
384 2613 494 2650 suasit
509 2642 518 2657 ,
546 2624 586 2649 ut
611 2614 765 2661 quoties
786 2614 836 2649 ira
864 2611 1106 2650 incalesceret
1121 2640 1131 2655 ,
1148 2622 1214 2648 aut
1236 2624 1314 2659 qua
1343 2611 1418 2648 alia
1440 2610 1645 2647 vitiofitate
1660 2639 1671 2654 ‚

153 2671 307 2720 puniret
338 2670 493 2718 lingrffi
524 2681 606 2705 non
630 2666 719 2704 ante
737 2667 883 2704 effen-ct
906 2680 990 2715 quae
1010 2668 1146 2704 lubido
1160 2666 1363 2705 afferebam
1387 2678 1508 2715 quam
1535 2667 1669 2701 recita-

157 2734 212 2762 ret
227 2752 236 2767 ,
259 2725 446 2760 elementa
474 2725 615 2760 Graeca.
662 2736 816 2760 moram
836 2751 845 2765 ,
888 2735 973 2770 quae
1004 2723 1095 2759 alibi
1117 2723 1285 2765 inutilis,
1317 2720 1382 2758 liic
1406 2720 1607 2761 neccssaria
1631 2733 1668 2756 c-

158 2781 353 2830 rumpenti
392 2780 502 2817 malo
533 2791 719 2828 quaercns.
794 2776 972 2815 Erasmus
1001 2780 1070 2827 qui
1098 2778 1145 2815 de
1179 2778 1312 2828 lingua
1341 2789 1424 2813 non
1456 2775 1542 2812 satis
1570 2786 1669 2811 teni-

153 2845 156 2850 ’
1530 2843 1667 2880 perans
