1877 3277
1540 287 1641 335 157.

75 326 115 363 διε
130 326 351 365 ambitiosis
375 326 473 366 nihil
488 326 639 372 sufficit,
654 328 745 368 cum
767 330 918 380 semper
943 342 1086 384 egeant
1098 345 1142 371 ac
1156 332 1305 384 semper
1318 336 1468 385 aliquid
1484 338 1588 377 desit.

76 381 128 417 Vt
146 383 198 419 ob
211 384 250 420 id
264 394 351 421 vere
367 384 724 433 pauperes&miseri
737 387 812 423 dici
828 387 988 435 possint,
1004 389 1153 427 etiamsi
1166 390 1251 434 aliis
1268 392 1482 430 immensas
1499 394 1642 432 habere

73 437 229 476 divinas
244 449 311 476 aut
324 442 480 489 magnis
496 442 622 477 ornati
637 441 892 490 dignitatibus
917 445 1136 485 videantur.
1192 447 1330 484 Nemo
1354 448 1544 497 siquidem
1570 451 1641 490 nisi

70 494 296 543 indigentiae
308 496 473 537 ratione,
488 497 526 532 δε
540 501 680 533 eorum
694 497 926 545 quaedesunt
943 499 1281 551 respectufflauper
1293 512 1330 540 et
1342 504 1454 541 miser
1469 505 1532 543 cst.
1579 507 1638 544 A·

72 550 173 586 varis
188 560 322 587 autem
337 562 380 588 ac
395 551 609 589 ambitiosis
632 554 840 591 innumera
868 554 1055 604 perpetuo
1076 555 1197 594 deeffe
1235 558 1488 598 notissimum
1514 561 1581 601 est.

70 604 183 642 Dum
197 607 305 644 enim
320 607 416 643 aedes
430 606 718 657 habentpraedia
732 611 919 658 cupiunt:
941 611 1039 649 dum
1054 609 1192 661 pr‘aedia
1218 625 1341 662 pagos
1357 627 1365 650 :
1379 616 1477 652 dum
1497 628 1639 667 pagos,

71 662 245 698 civitates
260 675 267 698 t
289 661 385 699 dum
408 664 591 707 civitates,
606 666 848 712 provincias:
868 667 1030 704 tandem
1044 679 1162 717 regna
1176 669 1214 705 ὅ(
1226 670 1388 718 imperia
1397 670 1631 713 desiderant.

72 716 131 754 Ita
145 726 186 753 tit
205 729 415 766 nunquam
431 720 574 767 expleri
597 731 734 757 eorum
759 722 972 769 cupiditas,
994 725 1032 761 &
1055 723 1222 760 ambitio
1245 724 1390 774 possit,
1420 738 1465 763 ac
1485 726 1634 778 semper

72 782 115 808 ut
129 782 264 819 optata
288 772 600 821 consequantur,
622 774 658 812 se
682 776 976 815 excarnificent.
1036 779 1141 816 Inter
1166 778 1245 817 hos
1271 782 1339 829 qui
1350 784 1556 831 proprium
1573 784 1636 821 de·

70 828 258 866 fraudant
268 830 386 879 genii]
402 842 474 867 nec
485 832 625 880 ijs,que
638 842 781 880 corpus
796 842 836 869 ut
849 833 949 871 bene
964 833 1423 883 valcat‚poscit‚utuntur:
1436 840 1627 882 omnium

72 882 160 920 sunt
171 884 386 928 miserrimi,
407 888 644 935 pauperrimi
656 898 700 924 ac
713 889 1071 936 imprudentissimi,
1085 888 1197 938 quod
1211 891 1296 938 alijs
1311 904 1394 930 non
1408 883 1631 931 sibi'cumu-

70 940 164 977 lent.
220 941 258 977 Si
272 942 498 991 interroges,
511 954 580 979 cur
591 943 763 992 vigilent,
773 944 962 989 laborent,
977 947 1077 982 curis
1092 945 1129 983 se
1143 957 1304 996 angant,
1318 947 1526 987 necessaria
1546 962 1634 987 cor-

68 996 550 1045 poridetrahant,foenore
563 997 846 1037 conscientiam
859 1011 1045 1050 gravent,
1072 1013 1117 1039 ac
1138 1001 1278 1047 injuste
1303 1004 1433 1041 aliena
1449 1005 1496 1042 ad
1525 1004 1560 1041 se
1574 1017 1636 1042 ra-

69 1053 193 1101 piant,
206 1051 298 1089 cum
310 1056 392 1099 jam
407 1053 579 1090 fortassis
594 1066 734 1103 parum
747 1057 831 1092 vitae
850 1055 1030 1105 superfit?
1064 1056 1326 1107 Respondent
1350 1058 1387 1096 se
1409 1059 1631 1098 necessitati

68 1108 286 1156 providere,
302 1109 485 1146 acliberis
501 1111 639 1147 omnia
664 1123 842 1158 quaerere.
908 1112 947 1149 Si
969 1113 1110 1150 iterum
1137 1125 1250 1164 roges
1273 1126 1324 1151 an
1349 1115 1495 1160 velint,
1521 1117 1632 1154 liberi

69 1174 135 1200 uta
143 1172 230 1200 ntur
243 1166 281 1201 ὃς
296 1164 476 1202 fruantur
488 1163 510 1201 a
523 1164 559 1202 se
574 1166 686 1214 partis
697 1166 837 1214 divitijs
852 1167 864 1203 ἒ
879 1178 1083 1205 annuunt:
1114 1168 1188 1206 Sed
1202 1171 1484 1219 imprudenter,
1496 1170 1626 1219 quod,

68 1230 110 1256 ut
124 1220 250 1256 liberis
265 1221 478 1268 voluptatis
492 1221 719 1259 occasiones
740 1223 854 1266 dent,
878 1235 924 1260 ac
942 1225 1075 1273 genio,
1094 1223 1368 1275 voluptatique
1391 1227 1440 1263 ad
1468 1227 1626 1265 libitum

66 1275 272 1325 indulgere
286 1275 447 1326 possint,
464 1276 529 1325 ipsi
543 1276 577 1314 se
594 1279 778 1323 crucient,
794 1278 1098 1329 gravissimaque
1126 1291 1281 1329 peccata
1302 1286 1567 1319 committant.

70 1331 110 1368 Si
123 1332 281 1369 bonum
296 1332 348 1370 est
359 1334 414 1369 uti
428 1333 582 1379 divitijs,
597 1343 639 1370 tu
654 1333 731 1383 ipse
743 1335 819 1371 illis
833 1344 938 1372 utare
958 1337 1089 1384 potius
1103 1335 1225 1383 quam
1248 1337 1384 1384 alij‚ac
1412 1338 1538 1375 liberis
1566 1338 1628 1375 so·

68 1386 285 1426 lummodo
298 1388 454 1426 tantum
467 1390 658 1437 relinque,
675 1390 871 1438 quantum
885 1418 894 1433 ,
912 1390 937 1428 si
952 1391 1053 1441 frugi
1074 1390 1144 1429 effe
1166 1392 1287 1429 velint
1300 1420 1310 1436 ‚
1335 1393 1410 1430 illis
1425 1394 1471 1431 ad
1489 1395 1628 1442 acqui-

65 1443 234 1481 rendum
252 1446 290 1482 <Sc
305 1444 519 1482 vivendum
533 1443 705 1484 sufficiat.
765 1446 804 1484 Si
827 1446 951 1483 multa
976 1448 1104 1484 liberis
1134 1448 1335 1496 reliqueris
1350 1476 1360 1492 ‚
1382 1450 1542 1498 perdent
1569 1449 1620 1494 se,

68 1500 108 1536 &
120 1498 335 1549 sua,nequc
347 1501 622 1550 comparandis
635 1502 682 1538 ad
696 1504 818 1539 vitam
832 1500 1041 1549 necessariis
1053 1503 1205 1540 dabunt
1221 1516 1392 1553 operam.
1428 1505 1467 1543 Si
1481 1517 1623 1554 patum

67 1555 268 1604 reliqueris
281 1583 292 1600 ‚
317 1568 362 1594 ac
382 1557 497 1594 bonae
510 1556 637 1594 fuerin
651 1567 665 1594 t
678 1557 925 1601 indolis,non
938 1559 1100 1596 deerunt
1109 1560 1346 1609 emergendi,
1365 1561 1404 1598 &
1418 1572 1487 1608 acq
1495 1563 1623 1598 uiren-

66 1610 106 1648 di
122 1610 359 1656 occasiones,
376 1611 399 1650 fi
414 1612 537 1656 malae,
551 1625 596 1650 ac
606 1612 754 1662 prodigi
767 1625 777 1652 3
799 1613 950 1663 indigni
963 1613 1117 1662 divitiis,
1130 1615 1168 1652 &
1181 1626 1218 1652 te
1231 1615 1391 1652 illorum
1402 1615 1516 1653 causa
1531 1626 1621 1654 tan-

67 1675 129 1704 tos
143 1667 296 1706 labores
314 1666 507 1717 suscepisse
521 1696 531 1713 ,
546 1666 631 1706 imo
652 1667 822 1707 obulum
852 1670 927 1707 illis
957 1669 1161 1719 reliquisse,
1218 1670 1273 1708 Vt
1293 1681 1424 1709 autem
1442 1673 1591 1720 priv-ato
1608 1700 1619 1715 ,

67 1724 229 1761 avaritia
242 1725 362 1774 turpis
375 1724 438 1768 est,
453 1726 503 1761 ita
517 1725 682 1774 Principi
698 1754 707 1770 ,
723 1735 791 1762 aut
805 1726 954 1775 potenti
967 1724 1242 1770 sordidissima,
1260 1725 1372 1774 quod
1384 1727 1490 1764 illius
1505 1726 1623 1766 causa

69 1779 259 1816 omnium
282 1779 372 1818 odia
395 1781 586 1820 incurram
601 1792 723 1818 nemo
747 1781 802 1818 illi
827 1779 929 1819 bene
950 1782 1066 1821 velit3
1105 1794 1227 1821 nemo
1250 1780 1430 1821 officium
1454 1783 1625 1832 praestem

67 1847 113 1873 ac
126 1835 289 1883 quilibet
301 1836 414 1874 illum
427 1844 620 1883 tanquam
630 1838 762 1886 generi
775 1838 957 1874 humano
970 1837 1107 1874 inutile
1121 1839 1158 1875 ὃς
1183 1840 1357 1876 noxium
1378 1850 1508 1887 pecus,
1538 1850 1624 1876 exe-

66 1901 204 1929 cretur.
263 1893 291 1930 E
305 1902 442 1930 contra
455 1891 555 1929 nihil
578 1895 728 1941 potenti
751 1892 809 1930 vel
830 1894 992 1942 principi
1016 1893 1251 1931 laudabilius
1273 1894 1501 1932 liberalitate
1515 1922 1525 1936 ,
1543 1906 1624 1942 qua

69 1947 169 1985 bene
181 1947 229 1984 de
240 1947 276 1985 se
288 1949 444 1985 meritos
457 1948 571 1985 beare
583 1949 717 1997 potest,
732 1951 769 1986 ὅ(
782 1949 915 1986 debet:
943 1949 1028 1998 Ipsa
1042 1951 1158 1987 etiam
1184 1949 1392 1987 liberalitas
1418 1962 1484 1999 per
1506 1949 1542 1987 se
1561 1952 1624 1997 ju·

67 2002 307 2041 eundissima
319 2004 370 2041 est
391 2005 439 2048 ei,
453 2002 474 2040 a
489 2016 566 2052 qua
582 2015 798 2042 exercetur:
853 2002 1021 2041 Amicos
1043 2007 1152 2042 enirn
1177 2006 1288 2054 parit,
1305 2005 1489 2043 homines
1511 2006 1559 2042 ad
1573 2017 1619 2042 o-

67 2061 179 2097 mnia
193 2059 323 2097 officia
339 2060 600 2108 paratissimos
626 2060 722 2098 facit
736 2088 746 2104 ,
768 2071 812 2098 ac
825 2059 881 2097 sui
893 2059 1122 2104 studiosum,
1133 2061 1314 2097 maximo
1326 2061 1474 2110 gaudio
1489 2062 1526 2098 δ(
1541 2060 1620 2097 ho-

69 2116 237 2152 noribus
248 2114 390 2155 afficits
411 2116 488 2153 Vix
501 2117 609 2152 enim
622 2115 766 2166 gratius
783 2118 997 2164 quicquam
1010 2115 1079 2152 effe
1089 2116 1226 2165 potest,
1245 2114 1365 2164 quam
1382 2117 1516 2153 multis
1536 2115 1622 2166 pos-

68 2170 106 2208 se
117 2171 358 2215 benefacere,
373 2183 417 2208 ac
430 2171 602 2208 multori‘i
619 2173 775 2209 animos
789 2171 995 2221 possidere,
1010 2172 1076 2220 qui
1102 2170 1215 2208 facile
1235 2170 1461 2210 liberalitate
1476 2183 1619 2209 emun-

67 2235 143 2264 tur.
199 2227 290 2264 Haec
302 2229 437 2264 omnia
450 2227 557 2264 hunc
571 2228 787 2276 Principem
798 2228 995 2275 diligenter
1009 2226 1245 2276 perpendisse
1259 2239 1344 2264 non
1359 2227 1411 2264 est
1432 2227 1614 2272 dubium,

68 2294 115 2320 ac
129 2292 329 2332 propterea
344 2283 539 2332 Symbolo
551 2281 705 2320 dixisse:
734 2283 757 2320 S
772 2283 786 2320 1
824 2283 851 2319 P
866 2284 893 2319 E
909 2283 946 2319 R
958 2282 996 2318 D
1013 2284 1027 2320 l
1043 2283 1079 2318 D
1096 2283 1110 2319 1
1125 2283 1148 2319 S
1165 2283 1188 2319 S
1200 2283 1228 2319 E
1242 2283 1286 2319 M
1301 2310 1312 2326 ,
1338 2281 1470 2332 supple
1481 2280 1616 2320 feteo.

67 2350 196 2382 mnes,
228 2338 351 2376 VNA
383 2338 530 2376 SOLA
567 2339 691 2375 MIHI
725 2337 1083 2374 REDOLERET:
1105 2338 1223 2383 idest,
1243 2336 1431 2376 sufficeret
1444 2338 1492 2376 ad
1504 2336 1617 2375 beate

68 2392 366 2442 commodeque
377 2395 605 2434 vivendum.
660 2394 829 2431 Homini
841 2395 948 2430 enim
961 2405 1090 2441 neque
1103 2406 1238 2437 avaro,
1253 2406 1382 2442 neque
1403 2393 1615 2431 ambitioso

69 2461 195 2500 pauca
206 2449 416 2493 sufficiunt,
427 2459 469 2486 ut
481 2447 695 2486 commode
709 2460 753 2486 ac
772 2446 933 2486 honeste
956 2450 1072 2487 vivat.
1130 2449 1169 2486 Si
1192 2451 1279 2497 quis
1294 2449 1457 2487 floribus
1479 2451 1616 2487 amici-

68 2507 155 2550 tias,
168 2506 229 2545 vel
244 2507 394 2543 amicos
414 2506 624 2554 intelligere
639 2505 740 2543 velit>
755 2517 840 2542 non
866 2504 971 2541 male
990 2505 1320 2554 Hierographiam
1341 2505 1615 2554 interpraetabi·

69 2571 143 2599 tur.
199 2559 379 2599 Fortassis
393 2562 500 2598 enim
515 2561 691 2608 Princeps
704 2560 800 2597 dum
814 2560 974 2597 fortuna
998 2559 1163 2598 secunda
1178 2560 1266 2598 esset
1279 2589 1290 2606 ‚
1304 2562 1513 2604 multos,ut
1527 2560 1614 2598 ficri

71 2617 184 2660 solet,
201 2617 351 2654 amicos
364 2616 501 2653 habuit
513 2627 524 2656 3
537 2618 619 2664 qui,
641 2616 738 2652 dum
753 2616 835 2653 vela
847 2625 989 2652 vertere
1010 2616 1215 2654 fortunam
1237 2617 1608 2659 animadverterent,

68 2671 339 2711 inconstantiae
359 2671 478 2721 figna,
494 2669 713 2721 parumq'ue
735 2669 859 2709 fidelis
882 2672 1059 2709 amicitiae
1083 2681 1213 2716 notas,
1237 2684 1323 2711 uno
1338 2681 1502 2720 excepto
1520 2672 1612 2719 (qui

69 2729 211 2766 caeteris
225 2726 470 2764 constantior
481 2728 587 2775 fuit),
600 2728 798 2765 dederunt.
853 2727 972 2764 Hunc
997 2739 1122 2765 unum
1135 2727 1202 2765 fibi
1223 2727 1393 2771 fidelem,
1410 2727 1434 2764 fi
1448 2727 1614 2764 celebret

70 2786 111 2822 ὅ(
122 2784 241 2828 colat,
254 2780 416 2832 alijsquc
427 2783 613 2821 omnibus
628 2782 791 2826 amissis,
806 2782 993 2831 praeferat,
1015 2795 1061 2821 ac
1082 2782 1149 2820 sibi
1160 2784 1336 2821 redolere
1361 2792 1428 2820 aut
1449 2783 1610 2832 placere,

71 2838 217 2882 asserat,
228 2841 373 2876 mirum
388 2850 469 2876 non
484 2838 545 2876 est.
603 2837 711 2876 Cum
725 2849 958 2886 paucorum,
981 2838 1103 2887 quam
1115 2840 1333 2876 multorum
1349 2838 1534 2880 amicitia,
1545 2836 1611 2874 fir·

71 2897 178 2934 mior
191 2906 236 2932 ac
248 2893 428 2932 sincerior
438 2894 499 2934 sit:
522 2890 614 2933 lmb
625 2893 835 2933 Aristotele
846 2895 936 2932 teste
946 2922 957 2942 ,
974 2897 1038 2934 vix
1049 2896 1199 2945 integra
1221 2896 1322 2933 inter
1342 2891 1610 2985 plures,qduam

887 2950 918 2989 P
1528 2958 1602 2985 uos
