1877 3277
234 139 320 192 52·

211 144 291 238 {ius
303 196 355 236 est
367 196 562 234 Romano
577 195 786 245 (quadrum
801 194 907 232 enim
921 190 1142 242 fere)quam
1155 193 1342 232 vexillum
1357 185 1563 237 hastata&
1575 186 1720 233 fusum,

215 264 285 293 aut
296 251 630 291 circumvolutum
642 278 653 296 ‚
667 252 767 288 circa
785 250 949 287 hastam.
978 249 1039 286 Dc
1062 249 1320 299 Hieroglypto
1343 249 1493 285 dietum
1515 245 1580 284 est.
1639 245 1724 283 Au-

213 310 371 348 diamus
384 307 645 359 Symbolum:
669 306 784 350 Mali,
796 305 975 342 consilio.
986 304 1095 349 aut‚s1
1111 307 1236 342 mavis
1255 318 1262 340 :
1287 305 1401 342 Malo
1415 301 1592 341 consilio.
1605 303 1725 351 Signa

216 377 305 404 non
315 363 458 402 dantur
469 361 654 412 [ignifero
668 388 679 404 ‚
693 370 735 397 ut
748 369 894 410 pugnet
916 369 983 397 aut
997 371 1143 410 pungat
1154 359 1261 397 hasta
1275 358 1431 409 signata.
1443 359 1589 408 potius,
1603 366 1645 394 ut
1658 368 1725 405 pu-

215 431 340 472 gnam
355 417 551 456 accendat.
614 415 680 453 Ad
701 415 806 465 signa
828 417 936 452 enim
946 425 1141 464 tanquam
1161 416 1210 453 ad
1235 414 1346 451 Deos
1370 413 1460 451 snos
1482 413 1593 454 miles
1612 411 1728 460 respi-

216 476 335 520 cit,&
350 476 565 511 Romanus
580 469 693 520 supra
707 471 817 508 Deos
839 471 1005 511 colebat.
1032 470 1107 509 five
1128 472 1240 520 igitur
1261 469 1356 514 su0‚
1379 469 1453 507 five
1463 470 1617 506 alterius
1631 479 1728 509 con·
1789 467 1797 474 '

218 530 305 569 filio
317 539 416 566 errat
427 525 718 575 Vexillarius,ss
728 536 835 568 tanta
854 538 894 563 re
917 526 1058 563 credita
1082 527 1275 566 abutatur.
1329 526 1427 569 Non
1448 536 1514 561 me
1535 525 1646 567 latet,
1671 534 1732 561 re-

219 586 294 624 bus
318 583 533 634 profligatis
553 593 681 625 nunc,
706 592 749 618 ut
761 582 862 619 olim
877 609 887 626 ‚
902 581 1072 618 contusis
1086 591 1152 622 aut
1172 580 1329 628 abjectis
1352 581 1478 619 hastis.
1511 579 1617 630 figna
1637 577 1658 615 a
1672 579 1731 617 lu-

219 640 351 679 dibrio
369 638 546 679 hostium
556 639 660 675 viros
672 636 792 675 fortes
814 637 1022 678 vindicare.
1077 636 1304 674 Necessitati
1326 648 1410 674 non
1441 636 1585 673 dantur
1617 635 1732 683 leges.

221 696 325 748 Qis
339 694 428 733 usus
442 693 645 744 signorum
658 690 701 729 fit
714 720 724 737 ,
737 691 995 742 significatum
1010 691 1072 728 est.
1098 704 1332 741 quanquam
1344 691 1487 742 Mysta,
1501 702 1586 728 non
1599 688 1680 726 tam
1692 688 1733 729 fi-

222 750 439 803 gnfferum,
454 748 578 798 quam
586 749 727 786 ducem
739 748 929 787 exercitus
940 775 951 791 ,
967 746 1302 796 Archistrategum
1323 746 1445 787 Graeci
1468 755 1614 787 vocant
1625 774 1634 790 ‚
1650 745 1738 782 feli-

222 810 349 848 ciores
367 808 405 845 &
419 804 617 843 uberiores
631 805 671 841 in
683 804 871 841 dicendo:
887 804 1036 850 (Latini
1058 804 1169 841 enim
1193 802 1263 840 nisi
1276 802 1430 840 felicem
1444 802 1598 848 ducem,
1613 802 1737 850 inipe-

221 872 390 902 ratorem
413 859 607 909 salutant)
632 858 884 897 admonitum
898 858 1014 904 officij
1032 858 1135 895 velit.
1190 858 1395 895 Decorum
1410 858 1571 906 quidem
1583 856 1738 900 est‚non

223 917 382 956 tantum
395 926 485 960 erat,
501 925 543 958 ut
554 915 603 952 T.
617 915 751 953 Livius
764 915 829 959 ait,
845 913 930 965 ipsis
943 924 1171 953 concurrere
1182 914 1360 952 ducibus.
1371 913 1431 952 vel
1443 915 1581 963 opima
1594 911 1738 961 spolia:

225 977 265 1013 &
281 973 409 1015 hercle
423 973 507 1010 laus
521 973 668 1020 opima.
722 970 832 1008 Nam
843 969 1050 1007 detrectare
1063 979 1272 1014 certamen,
1286 981 1373 1006 non
1385 968 1513 1006 solum
1524 979 1614 1005 cum
1627 968 1738 1017 igna-

223 1028 443 1074 via,verum
454 1029 571 1064 etiam
585 1054 594 1070 ‚
609 1037 701 1064 cum
714 1026 835 1064 exitio
847 1025 1107 1071 conjunctum
1121 1025 1172 1061 est
1191 1026 1446 1074 quandoque.
1477 1024 1550 1062 Sed
1562 1021 1739 1062 distincta

225 1083 314 1124 sunt
326 1084 433 1123 ducis
452 1085 490 1120 ὅ(
504 1083 637 1120 militis
650 1092 826 1118 munera.
885 1082 929 1117 In
946 1080 1016 1117 illo
1030 1080 1240 1118 consilium
1254 1109 1265 1125 ‚
1289 1082 1330 1117 in
1342 1080 1422 1121 hoc
1434 1080 1629 1121 fortitudo
1650 1078 1736 1116 lau·-

222 1141 351 1178 datur.
407 1138 471 1176 Ac
491 1148 532 1176 ut
551 1137 696 1174 milites
714 1147 799 1173 non
821 1133 922 1173 reste
942 1135 1121 1180 fecerint,
1147 1134 1172 1173 fi
1194 1136 1379 1179 mandata
1394 1137 1572 1176 abnuant
1585 1164 1595 1179 ‚
1623 1133 1735 1183 quod

224 1195 313 1245 ipfis
327 1195 436 1233 aliter
448 1194 622 1231 videatur
633 1193 671 1229 ὅ(
682 1190 911 1231 sententiam
925 1189 1035 1228 suam
1049 1219 1060 1234 ,
1082 1190 1247 1229 consilio
1261 1201 1508 1241 anteponant
1527 1191 1635 1228 ducis
1648 1202 1661 1229 ς
1685 1190 1736 1231 ita

225 1251 358 1289 &dux
374 1279 385 1295 ‚
400 1249 426 1287 fi
440 1250 479 1286 in
502 1247 719 1298 periculum
738 1257 826 1283 ruat
845 1258 855 1286 3
879 1248 918 1284 &
940 1258 1025 1286 non
1046 1249 1176 1295 potius
1199 1248 1347 1292 videat,
1375 1257 1418 1285 ut
1433 1245 1661 1298 epericulo,
1676 1257 1739 1284 ex-

224 1307 365 1344 ercitus
378 1304 527 1343 evadat.
564 1303 602 1340 Si
616 1303 723 1343 enim
733 1301 811 1351 ipse
823 1329 834 1346 ,
849 1313 987 1351 pugnae
1009 1303 1179 1346 avidior,
1201 1304 1240 1340 in
1256 1314 1387 1352 pugna
1395 1303 1530 1345 cadat3
1546 1303 1677 1340 adium
1687 1301 1740 1342 est

226 1363 277 1400 de
290 1362 473 1403 exercitu,
488 1359 612 1397 autde
623 1358 800 1396 vinoria.
849 1357 981 1406 Capto
1009 1358 1118 1408 Rege
1142 1358 1343 1396 Francisco
1364 1357 1484 1397 Gallo
1499 1360 1528 1396 1.
1542 1358 1651 1400 foeda
1664 1357 1739 1396 fuit

225 1417 405 1469 peditum
427 1415 564 1465 strages
578 1442 589 1458 ‚
614 1414 795 1461 equitum
818 1411 925 1463 fuga.
961 1412 1071 1450 Caeso
1084 1414 1383 1463 Epaminonda,
1400 1414 1547 1452 inutilis
1568 1415 1633 1451 illa
1648 1425 1745 1462 pra:-

223 1474 331 1512 clara
349 1471 552 1510 Thebanis
577 1469 753 1506 vistoria.
787 1480 836 1506 ne
858 1467 1149 1506 succenseamus
1161 1470 1346 1519 Philippo
1358 1471 1459 1520 Regi
1473 1469 1735 1514 Macedoniae,

225 1530 299 1579 qui
318 1538 361 1566 ut
382 1527 583 1565 Lucianus
597 1523 742 1568 scribit,
765 1524 870 1573 apud
895 1524 1047 1568 Infcros
1068 1524 1347 1567 Alexandrum
1365 1525 1631 1575 reprehendit,
1656 1537 1741 1563 non

225 1586 361 1623 minus
372 1594 496 1620 manu
509 1590 740 1631 promptum
752 1607 762 1624 ,
777 1578 899 1628 quam
912 1579 1079 1617 consilio
1092 1580 1248 1618 bonum
1261 1609 1271 1625 ‚
1289 1581 1375 1618 licet
1398 1582 1439 1618 in
1452 1583 1532 1618 acie
1543 1593 1626 1619 non
1649 1583 1745 1618 ceci·

227 1641 345 1678 derits
358 1638 469 1686 quod
480 1639 562 1675 vitae
577 1636 762 1685 prodigus
774 1663 784 1679 ,
799 1637 836 1672 ὅ(
853 1635 976 1677 laudis
999 1636 1148 1681 avidus,
1161 1637 1202 1675 in
1213 1636 1320 1674 mille
1331 1635 1549 1674 discrimina
1573 1635 1665 1685 saepe
1688 1639 1743 1675 ita

225 1696 412 1734 meritum
424 1721 434 1737 ,
461 1693 675 1729 exercitum
696 1691 858 1732 duxerit.
894 1689 1022 1734 filium
1042 1702 1163 1743 pater.
1219 1693 1320 1734 Non
1343 1694 1450 1737 enim
1462 1692 1624 1737 fortuna
1640 1721 1650 1738 ‚
1666 1693 1740 1736 im,-

225 1749 437 1806 ptudentiae
449 1748 511 1790 cul
514 1758 608 1798 pam
620 1747 739 1789 levat,

444 1873 790 1926 XXXXVIII.
825 1873 1044 1925 HIER
1066 1871 1115 1925 Ο-
1137 1874 1557 1925 GRAPHIA.

285 1978 339 2017 Hi
353 1977 541 2015 Germani
553 1975 747 2027 Principes
762 2003 772 2020 ,
787 1974 896 2013 fuisse
909 1975 1052 2026 insigni
1076 1976 1173 2012 inter
1186 1975 1220 2012 se
1233 1975 1309 2013 fide
1322 2004 1332 2021 ,
1348 1977 1386 2014 ὃ(
1399 1975 1674 2014 benevolentia
1690 1978 1744 2014 vi-

231 2034 382 2072 dentur.
443 2031 898 2080 Optantmediusfidius,
923 2043 1005 2069 non
1025 2030 1104 2068 alio
1129 2033 1297 2069 nomine
1318 2031 1555 2070 felicitatem.
1611 2032 1743 2070 Felici·

229 2099 351 2126 tatem
369 2084 464 2127 vero
482 2098 570 2124 eam
583 2086 741 2123 felicem
764 2088 803 2124 &
827 2087 1017 2125 stabulem
1029 2088 1188 2124 ducunt.
1210 2099 1295 2135 quae
1315 2087 1337 2124 a
1357 2087 1432 2126 Dei
1455 2088 1634 2126 bonitate
1655 2099 1745 2139 pro·

231 2146 360 2182 venit:
388 2144 426 2180 &
451 2141 622 2190 ejusdem
645 2143 810 2181 numine
834 2143 1070 2181 defenditur.
1126 2143 1307 2192 Princeps
1328 2155 1414 2180 non
1436 2143 1566 2181 solum
1588 2154 1744 2193 genere,¹

230 2200 295 2238 sed
311 2202 350 2237 &
365 2200 517 2241 virtute,
531 2207 572 2234 ut
584 2197 692 2233 decet
705 2196 873 2246 cffe5qui
885 2210 1008 2249 genus
1034 2201 1072 2235 δι’.
1092 2209 1243 2235 nomen
1268 2200 1364 2236 tueri
1382 2200 1523 2237 volunt
1536 2227 1546 2243 ,
1568 2197 1746 2248 insignes.

228 2256 341 2297 Nam
352 2265 526 2303 quorum
545 2252 741 2290 felicitatis
755 2255 891 2302 origo,
911 2264 977 2292 aut
990 2253 1151 2301 injusta,
1166 2263 1233 2290 aut
1253 2254 1346 2291 levis
1359 2253 1430 2292 est:
1455 2265 1527 2292 nec
1552 2253 1662 2291 firma
1675 2254 1740 2298 est,

229 2322 305 2348 nec
317 2308 503 2358 optanda.
559 2309 660 2359 Qis
682 2309 790 2345 enim
807 2308 938 2347 bonus
952 2310 1012 2349 vel
1034 2320 1199 2358 regnum
1216 2321 1309 2348 cum
1324 2308 1459 2348 scelere
1478 2319 1637 2359 exoptet
1651 2314 1662 2346 ?
1675 2318 1742 2347 aut

229 2366 279 2403 ad
304 2366 433 2403 celum
452 2364 562 2406 ferri,
589 2373 630 2399 ut
653 2363 762 2400 breui
776 2364 882 2413 post,
897 2365 943 2402 ad
957 2374 1095 2402 tartara
1118 2364 1337 2402 relabatur?
1379 2365 1443 2403 Ne
1465 2365 1631 2415 prudens
1655 2366 1741 2413 qui-

228 2421 332 2458 dem.
386 2419 501 2460 Nihil
516 2416 697 2468 profesto
709 2419 888 2464 violenti,
911 2421 1155 2468 impunitum
1169 2419 1231 2458 est:
1255 2420 1353 2458 nihil
1369 2421 1473 2463 leve,
1498 2430 1737 2470 perpetuum.

232 2475 295 2513 De
306 2475 492 2512 sententia
514 2485 647 2511 autem
661 2475 881 2523 Principum
894 2487 939 2513 ex
952 2475 1208 2525 Hieroglypto
1229 2477 1356 2524 quivis
1369 2476 1559 2513 divinarit.
1616 2476 1739 2526 Qod

227 2532 337 2568 enim
348 2530 396 2566 de
410 2530 502 2566 loco
525 2531 566 2566 in
590 2529 724 2566 locum
743 2530 986 2570 distulim1153
1013 2530 1226 2568 Amalthea
1249 2531 1325 2568 fuir
1345 2543 1458 2580 capra
1471 2560 1481 2575 ,
1497 2543 1581 2579 quae
1600 2532 1739 2569 Iovem

228 2586 408 2627 lastavit,
431 2584 638 2633 postquam
656 2584 769 2622 Rhea
783 2584 884 2622 clam
905 2586 1099 2624 Adrastea:
1120 2588 1159 2623 ὅ(
1190 2585 1280 2624 Isdae
1301 2586 1453 2624 dediffet
1476 2587 1738 2625 educandum.

228 2651 274 2678 ut
293 2639 417 2677 scribit
435 2640 705 2689 Hermogenes
724 2641 771 2677 de
791 2640 971 2690 Phrygia.
1026 2642 1154 2687 Hujus
1176 2641 1339 2679 alterum
1350 2654 1604 2690 cornu7capra
1619 2643 1659 2678 in
1673 2654 1736 2678 ce-

226 2697 313 2734 lum
327 2696 443 2732 relata
457 2722 467 2739 ,
490 2696 705 2731 nutricibus
730 2696 901 2743 Iuppiter
919 2699 1000 2743 jam
1025 2697 1180 2734 adultus
1191 2698 1294 2734 dedit
1308 2725 1317 2740 ‚
1332 2708 1422 2733 cum
1444 2697 1517 2739 hac
1536 2697 1734 2741 facultate,

225 2762 269 2794 ut
293 2752 470 2796 Xantns,
491 2751 532 2792 in
557 2750 668 2791 rebus
687 2750 905 2791 Aetolicis:
938 2761 980 2791 ut
1003 2752 1187 2802 quicquid
1211 2751 1297 2790 effer
1311 2751 1504 2804 poss'ess'ori
1525 2754 1566 2792 in
1579 2755 1737 2804 optatis,

1682 2820 1735 2847 eo,
