1877 3277
598 260 945 313 FESTINA
1022 259 1308 311 LENTE.

332 356 535 395 Convenit
547 353 627 392 haec
640 355 922 405 Hierographia
935 367 1026 393 cum
1042 353 1220 405 proxime
1244 355 1486 406 praecedenti:
1502 352 1708 391 Columna

206 413 314 451 enim
326 424 383 450 res
397 422 530 461 graves
545 408 786 459 magnasc'lue
795 412 938 460 quibus
955 411 1346 462 respub.innititur,ut
1358 411 1423 448 illa
1436 408 1627 447 structurae
1639 420 1709 446 au-

205 469 385 519 gustioris
400 466 571 512 fulcrum
586 463 657 502 effe
672 465 781 511 solet,
794 466 977 516 defignat.
1031 468 1145 505 Hanc
1174 467 1399 504 festinanter
1420 468 1458 503 δε
1472 463 1573 502 lente:
1585 475 1709 502 exere·

206 525 314 562 scens
338 521 611 559 circumvolvit
633 523 762 558 vinea.
817 523 1064 567 Festinanter,
1091 524 1183 573 quia
1208 526 1269 561 vix
1286 523 1390 572 stirps
1406 531 1473 559 aut
1490 520 1606 557 arbor
1628 530 1712 556 tam

206 577 285 617 cito
299 589 431 618 ramos
446 576 639 626 producit,
654 588 697 613 ac
710 578 837 621 vinca,
854 576 956 615 lente
975 588 1060 616 tum
1085 577 1194 627 quod
1209 577 1407 627 aspicienti
1429 586 1563 613 motus
1577 575 1711 612 nullus

207 643 404 684 appareat,
417 643 504 670 tum
516 632 624 680 quod
635 632 778 670 tardius
794 633 931 671 botros
946 633 1055 678 ferat,
1072 637 1109 672 δε
1125 644 1298 671 maturet.
1355 632 1562 670 Prudenter
1571 630 1711 668 admo-

210 699 353 728 nentur
365 689 554 738 principes
573 688 655 732 viri,
669 698 718 725 nc
731 700 822 725 curn
835 688 1059 738 gravissima
1072 692 1238 740 negocia
1252 701 1297 727 ac
1315 701 1359 726 ex
1375 687 1518 737 quibus
1530 685 1628 723 salus
1640 686 1713 722 rei-

210 746 302 796 pub.
324 744 515 793 dependet
543 743 722 787 uastant,
746 746 862 781 nimis
887 755 1092 795 properent
1116 758 1160 782 ac
1174 741 1394 782 inconsulte
1412 745 1449 780 ὅ(
1471 737 1714 778 immeditate

211 802 417 850 quippiam
445 798 717 849 aggrediantur
740 809 806 836 aut
828 800 1015 838 statuant:
1039 799 1126 838 raro
1149 803 1256 838 enim
1277 800 1390 838 foelix
1418 808 1580 835 eventus
1602 796 1714 842 liuju-

211 857 340 894 smodi
353 854 515 893 confilia
528 853 707 902 sequitur.
716 853 840 892 Lente
852 857 945 903 itaqa
961 856 1194 895 festinandr'u
1211 856 1276 893 Sat
1288 853 1369 893 cito
1380 854 1405 892 s1
1419 852 1472 890 sat
1484 854 1594 890 bene.
1609 852 1713 889 festi·

212 914 324 951 natio
335 923 463 960 neque
474 911 742 960 cernit,nequc
753 921 861 949 cavet
871 913 1165 962 pericula,lenta
1180 910 1274 950 vero
1285 922 1439 960 tempus
1454 908 1627 947 habet3ut
1639 918 1714 945 no-

214 970 278 1007 xia
291 965 475 1021 ‘observet
488 968 526 1004 ὃς
540 967 668 1009 evitet.

439 1053 837 1106 SUSTINET
889 1056 1056 1106 NEC
1112 1055 1503 1107 FATISCIT.

298 1150 480 1190 Andreas
493 1152 607 1188 Gritti
621 1163 711 1188 cum
726 1150 905 1187 foeliciter
918 1150 1093 1196 octenni)
1111 1150 1259 1188 bellum
1275 1162 1347 1199 pro
1364 1151 1527 1188 Venetis
1540 1147 1715 1199 gessisset,

217 1218 264 1245 ac
275 1207 482 1245 Patavium
497 1217 635 1244 contra
649 1206 977 1243 Maximilianum
990 1204 1233 1250 defendisset,
1261 1205 1366 1243 hanc
1389 1204 1720 1254 Hierographiam

218 1261 239 1300 ὲ
254 1264 307 1301 M.
324 1265 476 1300 Ioanne
490 1262 607 1299 Cotta
633 1263 747 1311 poeta
766 1260 981 1298 Veronensi
1004 1261 1206 1299 inventam
1219 1259 1358 1311 auroc'13
1375 1260 1607 1309 insculptam
1623 1261 1720 1296 inter

219 1321 385 1362 amicos,
402 1317 507 1355 Cum
519 1321 598 1364 jam
611 1318 690 1355 dux
706 1318 954 1354 Venetorum
967 1316 1119 1353 Electus
1133 1316 1219 1354 effer
1230 1317 1332 1354 clam
1346 1316 1721 1353 distribmffiustinct

219 1384 351 1411 autem
365 1376 405 1411 in
419 1373 493 1412 hac
508 1372 791 1422 Hierographia
806 1371 918 1409 Atlas
933 1372 1267 1414 orbem,universae
1281 1370 1424 1421 nempe
1437 1383 1583 1410 naturae
1595 1371 1722 1410 maxi-

218 1442 332 1468 mam
364 1430 539 1474 molem,
562 1427 647 1466 imo
668 1431 704 1466 δε
738 1425 959 1466 universum
989 1426 1131 1476 ipsum.
1182 1430 1317 1476 Inquit
1329 1428 1587 1478 Symbolum:
1607 1426 1719 1464 Susti-

219 1495 288 1524 net
303 1484 533 1523 necfatiscit.
572 1485 645 1522 Sed
658 1485 745 1532 quis
768 1482 987 1521 universum
1004 1481 1128 1532 ipsum
1148 1482 1327 1522 sustinere
1358 1483 1506 1533 potest?
1545 1478 1723 1532 profesto

219 1553 344 1580 nemo
359 1540 427 1578 nisi
441 1540 547 1577 Deus
572 1540 664 1590 Opt.
677 1541 787 1577 Max.
845 1539 952 1588 Qd
965 1539 1098 1587 itaque
1111 1541 1326 1578 indicatur?
1352 1539 1463 1577 Nihil
1478 1537 1723 1586 aliud‚quam

219 1609 305 1641 cos,
320 1598 388 1644 qui
403 1595 425 1634 ὲ
449 1596 539 1633 Deo
560 1596 608 1633 ad
621 1608 680 1634 res
694 1604 945 1645 magnas,aut
956 1604 998 1632 ut
1015 1606 1137 1644 remp.
1159 1596 1435 1646 regantvocati
1449 1594 1548 1638 sunt,
1570 1594 1724 1631 labores

221 1653 444 1691 vocationis
457 1651 528 1689 suae
550 1651 645 1689 ferre
657 1652 880 1688 constanter
901 1650 1050 1688 debere.
1107 1652 1262 1689 Iuvabit
1275 1653 1380 1688 enim
1406 1652 1496 1687 illos
1507 1651 1637 1688 divina
1650 1650 1725 1687 vir-

222 1719 299 1751 tus,
316 1720 364 1744 ne
384 1709 495 1744 oneri
516 1706 785 1749 succumbant,
797 1716 863 1743 aut
885 1705 1078 1751 fatiscant,
1092 1707 1215 1757 perfer
1230 1708 1410 1755 itaque&
1424 1707 1597 1748 obdura,
1633 1705 1657 1742 S
1669 1704 1726 1743 V-

225 1764 249 1799 S
262 1764 297 1798 T
314 1764 379 1799 IN
397 1763 423 1799 E
472 1763 509 1799 N
525 1763 551 1798 E
566 1762 601 1798 C
650 1763 675 1798 F
688 1761 726 1799 A
740 1762 776 1798 T
795 1761 847 1799 IS
863 1761 897 1797 C
909 1762 937 1799 E
965 1762 1075 1799 Deus
1089 1775 1209 1813 opem
1222 1763 1316 1800 feret
1340 1764 1377 1800 &
1403 1763 1517 1800 labor
1539 1773 1725 1810 compen—

225 1818 368 1858 fabitur
381 1818 442 1856 vel
460 1815 529 1856 hic
539 1818 600 1855 vel
620 1818 696 1855 vita
721 1827 874 1854 aeterna.

574 1906 674 1956 IN
732 1903 967 1955 OLLIS
1016 1903 1356 1957 VENARI.

344 1998 540 2046 Principes
559 1999 630 2036 viri
642 1999 681 2035 in
694 1997 807 2049 sylvis
819 2011 904 2036 non
925 2000 967 2036 iu
981 1998 1070 2035 ollis
1083 1999 1227 2042 venari,
1243 1999 1322 2035 hoc
1336 1996 1386 2034 est
1400 1996 1474 2034 suis
1488 2008 1572 2033 non
1589 1995 1728 2032 alicnis

226 2054 425 2093 laboribus
436 2053 502 2091 sibi
514 2065 610 2097 rem,
623 2053 762 2092 statum
775 2057 813 2092 ὅ(
826 2055 1055 2104 dignitatem
1068 2065 1296 2103 comparare
1310 2052 1466 2090 debent.
1524 2052 1606 2102 Qui
1621 2052 1730 2087 enim

227 2110 381 2147 alienos
396 2109 547 2147 labores
558 2110 763 2154 devorant,
779 2122 823 2147 ac
834 2111 883 2147 ab
897 2110 980 2156 alijs
992 2121 1215 2159 praeparata,
1235 2112 1273 2146 ὅς
1293 2108 1499 2145 constituta
1525 2107 1590 2143 fibi
1605 2106 1730 2154 appli-

227 2174 332 2208 cant,
347 2176 391 2203 ac
403 2166 442 2202 in
457 2167 637 2214 proprios
649 2164 736 2202 usus
750 2175 1000 2209 convertunt,
1015 2165 1073 2202 illi
1093 2165 1235 2208 milvis,
1245 2164 1435 2211 (quorum
1448 2163 1638 2211 rapacitas
1650 2161 1728 2197 cui-

224 2222 281 2258 vis
292 2222 450 2270 cognita
464 2220 527 2262 est,
543 2222 700 2269 >compa
709 2222 780 2257 rari
793 2220 956 2269 poll'unt:
1014 2221 1123 2258 Dum
1136 2222 1242 2258 enim
1256 2219 1422 2268 praedam
1434 2220 1473 2255 in
1487 2220 1573 2255 acre
1586 2218 1730 2254 milvus

225 2287 393 2323 quaerere
402 2275 569 2320 deberet,
585 2276 709 2313 ollam
721 2276 891 2314 decoctis
903 2276 1084 2313 carnibus
1098 2276 1257 2324 plenam
1281 2275 1348 2321 (in
1362 2273 1440 2311 hoc
1454 2271 1729 2322 Hieroglypto)

223 2330 393 2368 faciliori
412 2332 654 2380 compendio
676 2332 857 2368 invadere
876 2330 1123 2379 conspicitur.
1179 2331 1252 2367 Hic
1270 2329 1496 2376 acquirendi
1516 2327 1672 2370 modus,
1690 2335 1732 2363 ut

222 2386 378 2435 privato
392 2387 490 2423 nulli
503 2388 698 2423 convenit:
721 2388 772 2424 ita
785 2399 855 2424 nec
869 2387 1044 2435 principi,
1059 2386 1127 2424 nisi
1141 2386 1319 2436 Tyranni
1330 2385 1464 2422 haberi
1477 2384 1608 2421 velint.
1647 2383 1731 2433 Ty-

222 2442 339 2479 ranni
350 2442 456 2478 enim
471 2453 534 2490 per
546 2442 604 2478 fas
618 2441 807 2491 iiefasc‘iuc
821 2442 992 2481 aliorum
1005 2441 1206 2479 facultates
1222 2452 1283 2489 per
1293 2442 1371 2477 vim
1389 2441 1438 2477 ad
1454 2438 1489 2476 sc
1498 2440 1653 2487 rapiunt
1664 2465 1673 2481 ,
1686 2447 1732 2474 ac

225 2494 397 2546 praesenti
412 2494 514 2534 sorte
529 2495 693 2534 minime
713 2499 901 2541 contenti,
916 2509 1032 2546 regna
1056 2509 1100 2534 ac
1113 2495 1261 2546 respub.
1286 2497 1384 2533 bene
1408 2495 1635 2532 constitutas
1648 2505 1731 2542 per-

226 2551 396 2594 turbant,
410 2551 623 2595 invadunt,
645 2551 796 2600 suisque
809 2554 934 2602 regnis
956 2551 1094 2598 inJuste
1108 2552 1338 2600 adjungunt.
1396 2552 1574 2598 Princeps
1586 2549 1651 2586 iste
1662 2549 1732 2585 Pe-

227 2617 307 2643 trus
322 2607 495 2649 Landus,
509 2618 559 2644 ne
571 2607 656 2644 talis
672 2618 821 2655 putetur
844 2610 880 2646 6<
896 2607 1098 2651 habeatur,
1114 2608 1411 2657 Tyrannorumf,
1427 2606 1652 2646 acillorum,
1664 2604 1735 2651 qui

226 2663 268 2699 in
292 2663 383 2698 ocio
403 2662 597 2711 degentes,
624 2661 760 2710 injuste
782 2664 952 2700 aliorum
967 2675 1060 2711 opes
1073 2663 1120 2700 ad
1144 2662 1180 2699 se
1192 2662 1408 2699 trahuntac
1424 2660 1678 2701 consumunt,
1707 2661 1733 2694 i·

228 2718 433 2767 maginem
447 2717 707 2768 Hieroglypto
732 2719 898 2757 exhibet.
956 2719 992 2758 V
997 2719 1050 2765 itij
1063 2719 1170 2755 enim
1183 2717 1385 2767 turpitudo
1398 2716 1581 2765 exemplo
1596 2716 1733 2761 aliquo

1555 2771 1733 2808 hominis
