1877 3277
245 139 335 190 ¹4·
454 207 734 263 NuLLA
782 204 1015 257 HORA
1051 203 1238 257 SINE
1294 202 1565 260 LINEA.v

399 302 614 340 Linearum
628 298 775 348 pistura
798 298 941 336 nobilis
954 298 1028 335 fuit
1052 298 1249 347 Appelles.
1264 299 1301 336 Is
1319 308 1412 337 cum
1437 301 1698 352 Protogenem
1714 305 1768 352 pi·

246 359 482 406 ctorem,qui
498 353 649 406 peregre
663 353 859 403 profectus
870 354 1010 399 fuerat,
1022 363 1206 403 quaereret
1218 354 1368 392 lineam
1381 367 1427 393 ex
1441 357 1575 396 colore
1586 358 1697 397 duxit
1707 357 1767 397 ffi-

247 428 322 455 mae
337 414 537 451 tenuitatis
549 423 614 460 per
625 409 812 447 tabulam:
825 409 987 447 nolebat
995 411 1102 446 enim
1114 409 1353 448 domoesticis
1365 423 1515 450 nomen
1526 411 1638 451 suum
1651 415 1753 452 dare.

247 468 437 511 Reversus
449 469 686 516 Protogenes
699 476 744 502 ac
757 463 964 502 subtilitate
975 466 1084 502 lineae
1096 465 1387 515 contemplatus
1400 468 1609 518 Appellem
1623 469 1658 508 se
1669 482 1766 520 que·

247 523 365 566 fiviffe
378 521 540 562 asseruit.
598 523 849 571 Qapropter
870 530 1021 570 arrepto
1035 520 1220 570 penicillo
1232 521 1313 559 alio
1331 522 1466 561 colore
1485 526 1706 563 tenuiorem
1720 526 1769 563 li-

247 592 365 621 neam
379 582 421 617 in
434 575 587 627 illaipsa
597 576 720 620 duxit,
737 587 781 614 ac
796 578 984 625 praecepit.
1008 586 1051 614 ut
1066 575 1091 613 si
1110 576 1272 623 redijffet
1285 577 1341 615 illi
1355 578 1628 619 ostenderetur.
1685 582 1768 619 Re-

248 635 377 676 versus
390 634 573 684 Appelles
587 642 631 669 ac
643 633 745 669 vinci
755 632 993 676 erubescens,
1004 633 1117 670 tertio
1127 631 1261 671 colore
1273 632 1395 672 lineas
1407 633 1699 682 secuit,nullum
1712 648 1766 675 re-

247 694 431 742 linquens
446 690 615 738 amplius
628 686 824 725 subtilitati
836 687 984 732 locum,
1004 698 1050 725 ac
1073 689 1331 739 Protogenem
1343 690 1417 728 hac
1438 693 1592 730 ratione
1613 691 1768 742 supera-

248 751 316 789 vit.
342 746 527 797 Appelles
539 745 577 782 id
590 756 629 781 in
642 755 711 781 ore
725 743 868 781 habere
882 743 1197 782 iolebatznullam
1207 745 1314 782 diem
1326 746 1382 783 illi
1393 744 1463 784 effe
1474 746 1551 785 fine
1565 749 1678 786 linea.
1689 747 1769 787 Cui

249 799 693 852 sententie,Symbolum
706 798 785 837 hoc
797 797 917 837 simile
932 799 982 837 est
995 801 1083 836 viris
1096 800 1368 849 omnibus,qui
1381 803 1599 852 reipublicae
1610 801 1767 843 inservi-

249 869 321 898 unt
336 870 380 897 ac
395 855 655 908 praeficiuntnr
674 853 878 892 observatu
901 853 1164 892 necessarium.
1219 856 1273 894 Vt
1285 858 1393 894 enim
1412 857 1568 908 Sol,qui
1580 857 1769 898 inferiora.

247 916 330 955 haec
346 913 484 952 omnia
506 912 637 949 calore
657 912 695 948 &
718 911 804 947 luce
815 912 923 960 regit,
949 920 1119 960 generat,
1148 911 1339 959 producit,
1354 923 1399 950 ac
1412 912 1533 958 fovet,
1555 925 1768 964 nunquam

246 968 421 1022 quiescit,
435 980 481 1006 ac
495 967 609 1019 stylo,
623 977 743 1015 quem
755 967 795 1003 in
809 965 1028 1015 horologiis
1042 964 1232 1004 solaribus
1246 968 1359 1014 radsijs
1372 966 1447 1006 suis
1459 970 1671 1014 illuminat,
1689 969 1766 1008 sin-

246 1028 349 1079 gulis
360 1022 635 1063 momentibus
647 1021 829 1059 umbram
843 1021 948 1065 facit,
967 1024 1005 1059 &
1020 1022 1182 1069 proinde
1200 1023 1239 1060 N
1254 1019 1292 1060 V
1303 1024 1335 1060 L
1350 1022 1425 1061 LA
1450 1026 1570 1062 etiam
1583 1024 1621 1063 H
1631 1024 1671 1063 Ο
1684 1025 1767 1064 RA

247 1083 369 1122 SlNE
396 1078 566 1118 LINEA
597 1077 794 1115 elabatur:
820 1078 872 1115 ita
896 1079 1016 1114 etiam
1027 1078 1177 1126 reipub.
1197 1077 1314 1115 duces
1325 1090 1536 1129 nunquam
1548 1078 1671 1119 ociofi
1680 1080 1765 1128 effe,

246 1139 309 1179 sed
321 1134 673 1180 as>iduisexetcitijs
687 1132 824 1182 populi
837 1133 1006 1174 bonum,
1021 1134 1059 1169 ὀ(
1072 1134 1334 1171 commodum
1355 1145 1489 1173 curare
1497 1135 1652 1174 debent,
1675 1136 1768 1175 Hoc

245 1195 340 1243 quia
353 1192 445 1230 huic
454 1190 546 1227 duci
570 1187 718 1237 semper
738 1187 981 1238 propofitum
994 1187 1083 1233 fuit,
1104 1188 1313 1238 diligentiae
1335 1188 1410 1228 suae
1423 1201 1580 1237 notam,
1589 1192 1763 1242 posteris.

246 1250 322 1290 hac
331 1244 615 1297 Hierographia
629 1245 793 1292 reliquit.

540 1329 983 1387 PAULATIM,
1036 1330 1477 1384 PAULATIM.

397 1427 593 1466 Paulatim
604 1425 757 1469 incedit,
764 1424 823 1464 sed
837 1424 961 1463 secure
972 1425 1134 1463 testudo.
1149 1425 1286 1464 Secure
1300 1437 1452 1476 propter
1463 1426 1710 1466 domicilium
1721 1439 1766 1467 ac

245 1494 531 1535 tegumentum,
546 1483 653 1532 quod
669 1481 797 1519 secum
812 1479 998 1531 perpetuo
1009 1482 1095 1525 fert,
1108 1483 1159 1519 ita
1173 1482 1427 1531 compactum
1439 1483 1605 1520 mirabili
1619 1494 1767 1522 naturae

244 1539 425 1584 artificio,
439 1549 542 1577 uteo
561 1539 611 1576 ab
623 1539 737 1576 omni
759 1537 930 1586 periculo
949 1539 1108 1587 rupium
1132 1537 1199 1575 ubi
1213 1538 1350 1588 degere
1370 1537 1467 1575 solet
1477 1537 1705 1577 defendatur
1724 1541 1764 1578 δε

246 1596 461 1634 muniatur.
519 1595 625 1633 Nam
639 1592 660 1630 ὲ
677 1592 773 1630 saxis
787 1592 912 1630 five'in
925 1592 991 1630 illa
1006 1594 1255 1642 praecipitetur
1268 1593 1420 1630 testudo
1432 1607 1439 1628 :
1453 1592 1530 1630 siue
1544 1596 1637 1632 eain
1652 1596 1764 1633 illam

244 1651 438 1693 decidant,
453 1662 579 1697 neque
591 1650 673 1687 loedi
686 1647 912 1698 ipsameque
923 1658 1196 1698 tegumentum
1210 1648 1409 1698 confringi
1434 1648 1567 1697 potest.
1626 1650 1763 1687 Osten-

243 1707 300 1744 dit
313 1706 386 1744 hac
398 1705 681 1756 Hierographia
703 1703 946 1754 prudentiam
970 1703 1196 1754 Mysta‚qua
1213 1706 1250 1742 in
1264 1704 1376 1744 rebus
1398 1705 1526 1742 arduis
1550 1707 1588 1742 &
1606 1717 1692 1754 quae
1715 1704 1764 1744 ad

242 1762 460 1811 reipublicae
471 1759 541 1798 suae
553 1759 714 1798 salutem
730 1759 899 1809 spestant
912 1761 1042 1798 utitur·
1096 1760 1288 1798 Paulatim
1311 1761 1418 1806 enim
1441 1760 1672 1799 difficillima
1695 1772 1763 1798 ne-

241 1820 350 1868 gotia
365 1818 472 1866 gerit,
485 1827 530 1853 ac
544 1828 628 1853 non
643 1815 709 1852 nisi
724 1814 995 1865 circumspcste
1010 1817 1049 1853 ὃ(
1069 1814 1291 1858 deliberate.
1324 1816 1414 1852 'Hac
1427 1818 1534 1853 enim
1544 1818 1695 1853 ratione
1704 1827 1761 1854 ru-

241 1872 287 1911 to
299 1873 348 1910 ad
358 1881 538 1921 optatum
552 1870 671 1908 finem
686 1869 750 1908 etsi
761 1869 881 1920 paulo
890 1870 1323 1920 tardius,perducuntur.
1358 1871 1424 1908 Sat
1436 1869 1528 1914 cito,
1542 1873 1671 1919 inquit
1682 1873 1760 1915 ille,

244 1929 270 1967 fl
287 1928 468 1968 farbene.
524 1926 758 1975 Complures
773 1936 1029 1976 properanter
1050 1929 1089 1964 ὃ(
1103 1924 1247 1975 absque
1259 1925 1425 1964 consilio
1447 1925 1510 1963 sua
1525 1925 1757 1971 conficiunt,

242 1983 379 2022 verum
393 1981 484 2032 saepe
501 1983 589 2020 illos
604 1984 858 2031 properantiae
873 1983 1175 2031 nimiaepoenitet:
1197 1982 1235 2019 Si
1248 1981 1379 2030 aliqua
1393 1994 1447 2019 res
1458 1982 1645 2019 celeritate
1656 1995 1757 2031 opus

242 2039 376 2078 habet.
394 2049 450 2075 res
463 2038 598 2076 bellica
611 2038 683 2075 est:
713 2037 863 2075 Verum
885 2039 927 2075 ni
945 2039 984 2075 &
1007 2037 1094 2080 illa,
1115 2036 1281 2075 consilio
1314 2036 1517 2074 subitaneo
1548 2038 1760 2086 praehabito

243 2087 414 2145 geratur,
428 2093 648 2130 multorum
671 2093 792 2130 exitio
812 2094 1055 2142 properantis
1078 2092 1233 2130 stultitia
1257 2092 1445 2142 plestitur.
1512 2093 1628 2130 Valet
1653 2095 1760 2136 enirn

241 2149 390 2198 semper
403 2149 482 2186 hoc
495 2149 657 2197 Salustij:
669 2147 898 2199 priusquam
910 2149 1074 2198 incipias
1086 2147 1325 2194 consulto,at
1342 2149 1410 2185 ubi
1423 2147 1663 2186 consulueris
1674 2160 1758 2186 ma-

243 2204 327 2243 ture
339 2215 440 2254 opus
453 2204 504 2242 est
514 2204 635 2242 facto.

426 2307 618 2359 NON
678 2307 893 2359 SUNT
950 2308 1199 2359 TALES
1244 2307 1589 2360 AMORES.

359 2393 451 2432 Duo
465 2395 670 2432 Hastarum
684 2394 878 2444 manipuli
901 2396 1019 2433 vincti
1039 2394 1296 2433 concordiam
1309 2392 1642 2444 viresduejunstas
1656 2395 1759 2432 mul·

239 2459 385 2505 torum)
443 2450 628 2493 Vincula,
643 2462 817 2487 amorem
830 2450 1059 2500 significant.
1091 2451 1144 2488 Vt
1157 2453 1265 2488 enim
1281 2451 1421 2497 juncta:
1443 2450 1556 2488 hastae
1576 2451 1685 2488 nulla
1698 2463 1759 2488 ta·

236 2508 347 2542 tione
358 2505 587 2555 infringi‚ne
599 2505 621 2542 a
635 2504 902 2543 robustissimo
916 2508 1074 2554 quidem
1087 2508 1182 2550 viro,
1196 2504 1355 2555 separati
1369 2505 1554 2543 facillime
1567 2518 1610 2544 ac
1622 2504 1644 2542 ὲ
1665 2516 1757 2554 pue-

241 2572 287 2598 ro
298 2560 462 2608 possunt.
483 2563 540 2598 Ita
552 2563 671 2598 etiam
683 2573 800 2610 regna
822 2572 866 2597 ac
882 2562 1049 2610 Reipub.
1069 2562 1284 2599 concordes
1307 2562 1416 2599 nulla
1429 2561 1600 2598 hostium
1622 2562 1659 2598 vi
1671 2560 1757 2597 sub·

239 2618 330 2653 verz}
345 2615 517 2664 possunt.
545 2617 658 2653 Hanc
669 2617 926 2654 concordiam
941 2616 1142 2654 conservat
1155 2629 1269 2655 amor
1281 2618 1425 2654 civium
1445 2628 1534 2666 erga
1550 2614 1586 2653 se
1600 2627 1756 2658 mutuo,

238 2683 359 2712 ouem
374 2673 490 2709 virtus
514 2673 551 2709 &
566 2672 680 2708 bona:
693 2671 792 2720 leges
807 2669 1022 2721 fiiniliatiue
1045 2674 1192 2710 civium
1216 2672 1335 2709 studia
1350 2682 1476 2721 parete
1490 2670 1625 2709 solent.
1683 2671 1757 2707 Hic

240 2725 265 2766 fi
279 2727 428 2764 labatur
441 2737 507 2764 aut
520 2728 683 2771 vacillet,
700 2729 737 2764 ὅ(
751 2727 808 2765 vel
822 2738 972 2777 propter
983 2725 1170 2765 diversam
1180 2728 1440 2778 relligionem,
1455 2737 1521 2766 aut
1543 2727 1638 2765 alias
1665 2738 1758 2763 cau⁴

1682 2780 1754 2825 sas,
