1877 3277
1537 225 1583 270 19
1622 244 1634 256 .

99 288 180 314 una
201 287 328 316 rerum
351 275 515 313 domina
539 275 753 314 existimata
776 273 902 317 fucrit,
925 284 970 315 ac
989 273 1110 315 vitam
1133 274 1363 313 mortalium
1379 224 1636 318 illiusludu17n

97 331 181 376 effe,
195 333 310 370 multi
322 331 571 372 crediderintx
605 333 782 374 Fortunae
795 328 947 379 fignum
962 331 1106 378 primus
1123 331 1292 379 Bupalus
1305 332 1408 379 apud
1422 332 1635 382 Smyrneos

97 387 259 424 effinxit,
273 385 392 435 eiust'p
413 388 530 435 capiti
544 387 682 436 polum
696 385 883 434 imposuit
895 413 905 431 ,
929 397 973 422 ac
987 386 1094 422 alteri
1109 387 1246 424 manui
1257 398 1383 430 cornu
1398 386 1635 428 Amaltheae.

97 442 250 480 Deinde
264 443 530 487 Archilochus
543 444 674 479 dextra
686 441 879 484 flammas,
894 453 937 478 ac
949 440 1090 478 finistta
1107 453 1230 480 manu
1245 454 1392 490 aquam
1419 444 1633 494 gestantem

97 498 262 542 effinxit,
277 509 317 535 ut
329 497 572 539 foelicitatem
584 499 733 536 donare
746 498 783 534 ὅ(
797 497 1039 534 calamitates
1061 495 1194 534 afferre
1208 497 1505 546 fignificatetur,
1560 502 1635 539 Po-

98 554 174 592 stea
193 553 214 590 :l
231 555 355 602 poetis
378 564 470 591 rotae
482 553 881 595 Oceanoinnatanti‚
903 552 1057 599 adjecto
1080 553 1169 589 velo
1193 552 1360 591 insistere
1383 554 1563 606 fingitur:
1593 567 1636 594 ut

96 609 172 647 hac
192 611 343 646 ratione
358 610 508 646 nullam
533 609 775 646 stabilitatem
789 607 952 650 habere,
970 619 1015 644 ac
1034 606 1232 645 levissimo
1254 618 1375 654 vento
1386 613 1551 656 moveri,
1573 613 1635 651 10.

96 662 271 713 cumque
303 675 450 706 mutare
473 665 747 701 ostenderetur.
806 663 905 701 Huic
927 663 1053 712 Mysta
1075 663 1110 701 se
1124 665 1262 702 onmia
1282 663 1349 702 sua
1362 669 1634 715 committere,

96 721 292 770 Symbolo
315 719 447 758 ass'etit.
488 718 896 768 Forteimptudenter:
925 719 1025 768 Qis
1038 720 1146 756 enim
1161 719 1327 768 prudens
1341 723 1636 762 reiinconstan-

95 776 246 813 tismmae
258 776 322 820 sua
338 777 476 813 omnia
489 775 729 813 committit?
755 772 995 823 Respondeo
1011 774 1181 824 Mystam
1199 774 1465 816 Christianum
1476 778 1636 827 ess'c‚qui

96 831 301 871 fortunam
316 844 398 874 non
411 830 584 881 agnoscit
597 859 607 874 ‚
622 829 680 867 sed
693 831 872 877 eum,qui
895 829 1035 867 cuneta
1046 831 1253 880 gubernat,
1267 843 1313 868 ac
1335 832 1415 871 fine
1437 837 1547 881 cujus
1571 835 1637 873 sci-

94 899 138 925 tu
160 890 197 925 &
218 888 433 930 voluntate,
449 899 498 924 ne
511 887 673 936 capillus
687 887 823 934 capitis
836 885 988 922 decidit.
1045 886 1150 923 Huic
1171 887 1270 924 dum
1283 887 1454 929 fortunae
1467 890 1503 927 se
1526 903 1637 928 com-

96 945 245 984 mittere
268 942 332 989 sua
354 943 460 986 dicit,
475 955 559 979 vete
573 939 700 981 sancte
711 943 749 978 ὃ(
765 941 967 988 prudenter
979 942 1203 979 committit:
1232 944 1268 981 Is
1280 945 1388 981 enim
1402 945 1634 993 Fortunam,

95 999 122 1036 fi
134 1011 212 1046 qua
228 998 279 1036 cst
302 999 408 1048 regit,
437 1010 480 1035 ac
496 999 707 1043 unicuique
721 996 883 1040 foelicia‚
897 997 957 1033 vel
978 997 1184 1040 infoelicia,
1206 998 1399 1037 ineffabili
1420 998 1487 1039 sua
1503 1004 1637 1050 provi-

94 1056 224 1092 dentia
246 1056 282 1091 ἂ
293 1055 481 1096 bonitate,
498 1063 613 1102 prout
626 1052 736 1092 saluti
749 1053 930 1101 expedite
941 1052 1100 1098 judicat,
1113 1054 1259 1091 tribuit:
1288 1055 1427 1093 Multis
1439 1058 1548 1094 enim
1560 1058 1636 1095 bo-

94 1123 147 1148 na
161 1111 335 1154 fortuna,
350 1120 392 1147 ut
413 1110 497 1154 aliis
510 1109 769 1151 benefaciant,
785 1110 823 1145 &
837 1106 1142 1152 benefaciendo,
1165 1119 1303 1151 aeterna
1325 1111 1434 1149 bona
1458 1124 1636 1151 merean-

93 1176 166 1209 tur,
179 1166 312 1202 datur:
348 1165 481 1205 multis
504 1166 624 1208 mala,
638 1175 680 1201 ut
693 1165 872 1206 crimina,
887 1162 1104 1207 doloribus,
1119 1176 1165 1202 ac
1177 1167 1442 1210 anxietatibus
1461 1171 1635 1218 expient,

93 1219 332 1270 expiatidquc,
354 1232 559 1270 compotes
581 1222 690 1270 regni
711 1219 873 1257 coelestis
892 1217 1003 1256 fiant.
1070 1220 1165 1258 Haec
1184 1222 1255 1268 qui
1283 1223 1536 1265 meditabitur
1564 1223 1638 1262 tite

124 1276 257 1329 Mystae
278 1277 476 1325 exemplo,
490 1278 587 1313 cutis
600 1275 719 1313 nullis
736 1275 770 1311 se
785 1274 982 1318 cruciabit,
997 1273 1058 1311 sed
1082 1276 1172 1313 Deo
1187 1277 1280 1325 Opt.
1295 1278 1406 1316 Max.
1419 1278 1484 1317 sua
1496 1291 1605 1324 come

178 1332 181 1336 ’
210 1333 406 1371 mendans
419 1334 568 1374 omnia,
581 1330 736 1371 advetsa
749 1342 831 1367 non
843 1329 970 1367 solum
985 1329 1185 1375 facillime,
1200 1330 1261 1369 sed
1273 1335 1413 1372 animo
1424 1347 1515 1375 moa

363 1388 485 1432 desto,
501 1391 537 1425 &
552 1389 678 1430 hilari,
691 1396 883 1434 tanquam
901 1386 949 1423 ad
962 1395 1141 1426 aetetnam
1162 1388 1369 1428 beatitudi-

489 1456 584 1482 nem
601 1443 754 1491 facilius
778 1441 1056 1491 obtinendam,
1069 1444 1160 1483 data
1173 1442 1249 1482 cal.

652 1530 657 1534 .
687 1498 788 1536 caria
801 1499 839 1535 ὅ(
853 1496 1033 1544 subsidia,

811 1552 923 1592 feret.

839 1614 880 1683 5

1811 221 1835 243 θ
