1877 3277
1565 181 1639 237 ,655

89 243 344 284 Rhinoceros
369 242 555 293 equidem
585 253 672 282 non
692 244 848 282 minora
877 242 1094 288 animalia,
1121 240 1183 281 sed
1206 242 1457 293 elephantem
1483 244 1640 287 bostem

89 299 126 339 se
139 297 257 350 longe
269 302 478 347 majorem,
491 301 530 337 &
543 301 729 345 omnium
741 299 1042 352 quadrupedum
1056 300 1279 350 maximum
1298 301 1526 351 aggreditur.
1554 303 1634 340 Ha·

91 355 424 409 bet-Rhinoceros
447 357 489 393 in
504 349 617 399 naso,
637 357 675 394 &
697 357 809 405 supra
831 354 994 393 dorsum
1014 366 1162 402 cornu,
1177 367 1263 403 quo
1284 332 1347 393 adv
1358 355 1448 394 saxa
1476 357 1633 401 limato,

88 422 274 462 ptaepatat
297 411 334 450 se
357 423 497 464 pugnae
519 422 564 448 ac
586 422 763 449 ventrem
789 410 1013 462 elephanti,
1038 422 1159 461 quem
1183 410 1249 450 scit
1269 413 1513 460 molliorem,
1532 415 1640 463 petit.

88 468 211 505 Tanti
223 469 348 511 animi
361 467 494 518 fertur,
509 465 582 504 uta
604 479 735 518 pugna
749 477 960 517 nunquam
973 465 1042 504 nisi
1058 467 1185 505 victor
1202 469 1364 506 recedat.
1400 466 1504 506 Cute
1522 468 1641 507 duris-

90 523 187 562 fima
211 525 251 562 δε
277 521 510 571 crassissima
531 522 584 560 est
605 534 799 561 armatus:
830 532 873 560 ut
896 533 983 559 non
1006 520 1124 560 facile
1144 524 1194 561 ab
1213 523 1422 574 elephante
1442 524 1641 563 vulnerati

90 578 224 631 possit.
281 568 638 631 Qemadmodum
669 588 802 616 autem
824 577 1081 616 Rhinoceros
1099 580 1256 617 minora
1277 581 1422 627 quaevis
1445 581 1641 618 animalia

90 636 326 679 contemnit,
339 634 602 686 acvist0tiam
614 646 739 686 quam
758 634 808 672 ab
820 634 895 671 illis
909 633 1004 670 ferre
1018 632 1152 696 posset,
1168 634 1236 673 fibi
1250 635 1379 683 potius
1392 637 1642 686 ignominio-

134 690 218 730 sam
231 689 353 739 quom
366 688 584 740 gloriosam
596 697 719 739 putat.
776 689 838 727 Sic
849 691 1132 738 magnanimus
1146 689 1212 737 iste
1224 690 1332 734 Dux,
1351 691 1418 729 sibi
1434 703 1518 730 non
1531 703 1592 732 xes

254 747 432 798 exiguas,
445 744 595 791 faciles,
608 747 647 783 &
659 745 774 789 leves,
793 744 996 796 utgendass
1012 744 1074 783 sed
1091 757 1270 795 magnas,
1285 746 1477 794 difficiles,

434 803 475 840 &
487 800 642 847 arduas,
657 810 700 839 ut
717 802 909 849 majorem
922 800 1095 850 gloriam
1116 800 1308 852 consequi

675 854 818 909 posset,
840 854 1054 906 proposuit.

815 992 900 1052 eea
