1877 3277
283 253 384 312 156.

279 318 467 358 Marchio
479 318 659 369 magistro
669 320 858 367 equitum,
870 321 1089 366 audaciam,
1106 321 1378 363 liberalitatem
1389 337 1433 363 ac
1443 326 1646 377 vigilantia
1660 340 1805 367 conve·

279 378 364 413 nire
375 376 522 414 diceret.
550 375 682 413 Iovius
697 376 920 414 Marchioni
937 378 1145 426 respondit:
1155 379 1267 416 illum
1282 391 1370 428 neq3
1383 381 1617 421 liberalitatis
1635 397 1725 433 neq,
1739 397 1806 422 au·

276 429 523 479 daciae‚quod
536 430 639 478 prius
651 430 736 468 illas
748 433 902 470 virtutes
914 430 936 468 a
948 433 1182 471 Marchione
1191 435 1382 480 didiciffer,
1397 448 1487 485 neq3
1500 441 1616 477 etiam
1629 441 1805 490 vigilatiae

275 485 622 525 commonendum
634 484 715 525 effe;
728 487 821 534 quia
843 486 1087 526 consveverat
1108 490 1285 537 quotidie
1304 501 1393 528 ante
1405 493 1532 530 lucem
1545 493 1701 545 surgere,
1714 506 1800 533 tum

274 551 319 580 ut
332 539 410 583 cito
423 541 442 578 a
459 542 559 578 leito
570 539 606 577 se
618 541 805 586 liberaret,
831 552 917 580 tum
930 552 972 580 ut
983 545 1258 583 venationibus
1266 557 1432 595 operam
1441 547 1560 590 daret.
1616 552 1720 600 Qia
1744 561 1802 588 ta-

273 608 366 635 men
380 597 580 646 vigilantia
595 598 735 645 parum
748 596 920 636 hostium
939 599 1035 642 doli,
1050 602 1088 637 ὅ(
1102 601 1415 640 machinationes
1438 604 1670 649 illuduntur,
1682 617 1727 643 ac
1741 618 1801 644 ea·

271 652 363 689 dem
378 652 417 689 in
429 651 586 690 infidias
600 652 876 700 perducuntur,
900 656 939 691 δε
950 655 1322 697 circumveniuntur.
1378 657 1503 696 Rene
1526 661 1659 697 Iovius
1673 661 1730 698 illi
1744 662 1800 698 vi-

270 707 441 757 gilantiae
455 711 708 756 noram,grue
720 708 997 758 exhibuit,quae
1012 712 1297 761 Hieroglypton
1317 713 1526 758 constituit,
1543 727 1587 753 ac
1598 717 1718 753 altero
1734 728 1798 764 pe-

267 763 316 799 de
328 762 482 801 elevato
505 763 684 812 lapillum
708 766 895 801 continet.
951 765 1075 802 Grues
1098 778 1273 816 namque
1303 769 1550 807 NATVRA
1585 771 1797 808 DOCEN-

266 816 349 861 TE,
362 818 458 855 dum
472 820 595 856 maria
606 818 878 856 transvolitant
890 847 900 863 ,
917 829 957 857 ut
971 821 1113 858 Plinius
1133 822 1261 866 refert,
1286 823 1442 872 lapillos
1455 825 1616 874 pedibus
1638 837 1771 864 tenent
1783 855 1793 871 ,

266 883 309 910 ut
318 871 504 915 somnum
519 874 755 923 impediant:
780 875 817 911 Si
832 875 937 912 enirn
947 878 1026 921 Jam
1037 876 1326 921 dormiturIant,
1339 891 1383 917 ac
1397 878 1559 918 somnus
1575 883 1725 931 irrepat,
1739 895 1796 920 re-

263 928 399 966 solutis
420 929 565 978 pedum
576 931 713 973 nervis,
725 929 864 967 decidit
878 932 918 967 in
932 942 1075 979 aquam
1089 932 1199 981 lapis,
1213 945 1258 970 ac
1271 933 1423 983 strepitu
1443 935 1631 975 somnum
1653 937 1785 980 solvit,

261 982 452 1033 gruesque
464 986 664 1034 vigilantes
678 986 818 1022 iterum
835 985 967 1022 reddit.
1023 987 1076 1022 Vt
1087 988 1248 1037 gruibus
1269 988 1349 1026 hacc
1362 989 1384 1026 a
1398 1000 1534 1028 natura
1555 991 1794 1031 documenta

261 1039 349 1076 data
365 1039 459 1077 sunt:
472 1041 524 1077 ita
536 1040 652 1078 huius
668 1041 851 1090 Principis
875 1041 913 1079 N
925 1041 964 1078 A
976 1039 1112 1091 TVR
1127 1043 1166 1081 A
1194 1044 1243 1081 ad
1256 1045 1404 1094 vigilias
1417 1046 1607 1096 propensa
1631 1048 1669 1085 O
1683 1049 1708 1085 F
1721 1048 1746 1087 F
1758 1050 1792 1086 l-

261 1094 439 1135 CIVM
472 1094 716 1133 DOCET.

642 1182 911 1233 AMOR
989 1184 1411 1258 ADDIDIJr.

413 1280 531 1318 Mora
549 1281 590 1316 in
606 1279 919 1329 Hietoglyphicis
941 1280 1159 1329 plerunque
1176 1280 1363 1318 testudine
1382 1279 1564 1330 signatur,
1578 1279 1687 1328 quod
1708 1280 1789 1318 len-

254 1343 341 1375 tum
356 1334 397 1373 fit
408 1336 557 1373 animal
569 1357 580 1374 a
596 1337 755 1383 proprio
769 1335 974 1373 domicilio
988 1364 997 1379 ,
1013 1333 1201 1383 scutoque
1222 1335 1312 1373 latis
1335 1336 1547 1383 compacto
1568 1339 1607 1373 &
1618 1338 1726 1385 gravi
1738 1347 1789 1374 te-

253 1392 375 1436 stum,
389 1403 472 1438 quo
489 1392 510 1428 a
524 1400 662 1428 natura
674 1400 819 1427 armata
835 1391 899 1435 est,
914 1401 955 1428 ut
968 1392 1064 1428 inter
1085 1403 1210 1440 rupes,
1235 1391 1302 1428 ubi
1314 1401 1594 1434 commoratur,
1610 1389 1696 1428 tuto
1717 1392 1787 1428 de-

250 1458 340 1496 gere
364 1445 501 1493 posset.
559 1445 709 1483 Verum
742 1443 810 1483 hic
839 1446 942 1484 alata
964 1448 1003 1484 &
1026 1448 1067 1483 in
1085 1449 1170 1483 aere
1190 1446 1360 1484 volitans
1375 1446 1628 1494 conspicuum
1643 1448 1786 1484 mirum

249 1501 342 1539 sane
358 1500 641 1550 spestaculum:
669 1500 729 1549 sed
743 1513 825 1538 non
840 1503 982 1539 mirum
995 1529 1005 1546 ,
1025 1500 1050 1538 si
1069 1504 1156 1549 quis
1179 1502 1375 1552 Symbolo
1388 1502 1592 1551 intelligar,
1606 1514 1785 1541 amorem

248 1557 430 1595 addidisse
444 1558 537 1595 alas.
600 1557 749 1606 Magna
765 1556 953 1604 siquidem
965 1559 1108 1594 amotis
1120 1559 1178 1595 vis
1190 1557 1254 1602 est,
1269 1559 1337 1607 qui
1361 1556 1454 1606 saepe
1476 1568 1624 1606 ca,quae
1635 1557 1784 1595 difficil-

246 1613 356 1656 lima,
366 1615 410 1651 Ἰδε
422 1612 503 1651 fieri
516 1624 600 1650 non
615 1613 718 1662 poss'e
731 1612 923 1655 videntur,
942 1613 1129 1650 facillima
1142 1613 1249 1653 facit.
1308 1611 1433 1662 qu'uc
1447 1614 1595 1657 verum,
1610 1611 1683 1650 five
1696 1615 1784 1661 quis

245 1679 374 1706 rerum
388 1677 627 1705 terrenarum
645 1680 780 1705 amore
793 1695 804 1712 ,
827 1667 901 1705 sive
914 1667 1129 1705 coelestium
1142 1670 1328 1717 capiatur.
1394 1669 1545 1705 Rerum
1557 1668 1782 1706 terrestrium

245 1734 360 1761 amor
373 1723 590 1771 multiplex,
607 1724 705 1761 alius
727 1734 952 1772 corporum,
965 1723 1064 1762 alius
1077 1735 1206 1760 rerum
1227 1733 1473 1761 externarum
1487 1751 1497 1766 ,
1522 1723 1621 1760 alius
1641 1735 1782 1761 eorum

243 1789 330 1826 quae
340 1777 387 1816 ad
402 1787 585 1816 ornatum
598 1779 719 1815 animi
733 1777 916 1827 speciant.
973 1779 1081 1828 Qid
1102 1789 1312 1828 corporum
1332 1787 1400 1817 aut
1423 1779 1549 1815 carnis
1568 1790 1680 1816 amor
1692 1777 1782 1828 pos-

242 1833 300 1879 fit,
316 1837 513 1881 &quanta
529 1833 695 1881 pericula
712 1831 868 1882 superet,
884 1844 924 1870 ut
938 1846 978 1871 re
1002 1844 1131 1871 amata
1148 1836 1317 1882 potiatur
1332 1863 1343 1877 ‚
1363 1835 1484 1871 cuivis
1509 1831 1624 1871 facile
1636 1844 1780 1871 notum

241 1888 306 1926 est.
362 1889 472 1939 Qas
491 1887 736 1927 difficultates
753 1889 976 1927 divitiarum
996 1900 1108 1927 amor
1127 1889 1370 1939 aggrediatur
1390 1892 1428 1926 δε
1441 1888 1639 1935 conficiat,
1667 1890 1779 1927 testa-

239 1952 303 1983 tur
326 1944 478 1983 versus:
515 1952 518 1955 ’

521 1999 611 2048 Per
624 2014 744 2047 mare
757 2011 835 2062 per
846 2010 981 2047 terrm
1000 2001 1127 2048 currit
1142 2011 1343 2049 mercator
1362 2000 1423 2047 ad
1438 1999 1566 2047 Indos

564 2070 817 2132 Peuperz'em
819 2070 1012 2133 fugiens.

354 2136 513 2180 Gloriae,
528 2137 712 2177 doctrinae
724 2142 762 2177 ὅ(
775 2142 961 2178 virtutum
985 2151 1112 2182 amor,
1138 2151 1222 2176 non
1246 2137 1379 2176 minias
1404 2138 1544 2174 caeteris
1568 2137 1690 2174 alatus
1703 2136 1770 2173 est:

234 2191 389 2230 labores
406 2194 602 2231 maximos
613 2197 650 2232 δι’
664 2207 810 2244 graves,
837 2196 1029 2232 minimos
1051 2197 1088 2232 ὃ(
1104 2195 1204 2232 leves
1218 2221 1228 2237 ,
1254 2204 1296 2231 ut
1308 2197 1450 2242 optatis
1465 2193 1626 2235 fruatur,
1641 2192 1771 2232 efficit.

234 2246 381 2285 Verum
399 2260 470 2297 prae
483 2251 621 2287 caereris
643 2250 854 2293 amorille,
882 2251 952 2298 qui
973 2250 1150 2287 terrestria
1164 2251 1302 2287 omnia
1329 2248 1509 2297 despicit,
1534 2259 1578 2284 ac
1601 2248 1771 2284 coelestia

232 2304 388 2339 tantum
402 2305 518 2352 cupit,
545 2305 577 2342 is
590 2304 711 2342 divini
726 2307 870 2343 amoris
884 2305 953 2342 alis
965 2306 1118 2352 adjutus
1132 2316 1176 2341 ac
1188 2305 1403 2347 instructus,
1421 2314 1590 2352 compos
1601 2302 1768 2350 desiderii

231 2358 389 2395 tandem
406 2357 470 2397 fit3
494 2360 543 2404 Ijs
556 2358 729 2408 namque
742 2359 961 2399 sublevatus
977 2362 1019 2398 in
1032 2359 1185 2397 coelcste
1197 2371 1375 2410 regnum,
1397 2357 1594 2396 immensis
1607 2357 1699 2395 hinc
1710 2358 1768 2394 di-

231 2412 564 2460 stansintcrvallis,
585 2415 761 2452 defertur.

311 2500 377 2551 SI
419 2481 973 2572 PERDIDISSEM
1022 2502 1190 2552 UNA
1241 2502 1445 2551 SOLA
1498 2499 1693 2550 MIHI

780 2597 1261 2632 REDOLERET.

382 2671 637 2722 Manipulum
653 2672 798 2710 florum
811 2672 1099 2722 Hieroglypton
1115 2671 1291 2709 exhibet:
1318 2668 1635 2708 Flores'existimo
1648 2669 1761 2706 ditio-
1863 2672 1864 2675 ’

226 2738 308 2769 nes,
323 2738 441 2772 arces,
458 2739 523 2766 aut
546 2729 719 2767 civitates
730 2740 827 2775 quas
840 2728 1016 2775 Princeps
1037 2726 1164 2772 habet,
1182 2725 1416 2776 significare:
1440 2736 1606 2774 quarum
1633 2724 1762 2773 singu·
1850 2687 1871 2826 ς

224 2781 281 2825 lae,
296 2782 491 2831 Symbolo
502 2785 703 2825 innuente,
731 2784 828 2820 tanti
843 2782 928 2820 sunt
940 2784 1147 2824 momenti,
1161 2792 1202 2819 ut
1214 2782 1401 2818 omnibus
1418 2780 1567 2817 amissis
1582 2808 1591 2823 ‚
1607 2792 1684 2816 una
1702 2780 1759 2815 so-
1871 2789 1873 2794 ·

224 2836 260 2874 la
276 2836 469 2886 superstes,
481 2839 529 2876 ad
540 2834 663 2882 beate,
677 2836 973 2886 commodeque
997 2837 1209 2876 vivendum
1238 2837 1404 2884 Principi
1417 2835 1586 2874 sufficere
1600 2834 1728 2882 possit.-
1858 2822 1877 2914 ἶ)

223 2892 392 2931 Proinde
403 2894 567 2933 avaritia:
580 2906 627 2933 ac
645 2893 853 2931 ambitioni
863 2892 900 2931 se
911 2904 1167 2942 nequaquam
1179 2891 1355 2930 deditum
1371 2890 1454 2928 effe.
1496 2891 1638 2929 Avaris
1651 2891 1757 2980 enlijm

1578 2946 1616 2983 &
1629 2956 1693 2982 am
1723 2945 1754 2980 i-

1853 2879 1863 2946 l
