1877 3277
1492 222 1587 253 121.

69 272 323 315 servationem
335 272 505 311 videlicet
517 272 570 310 sui
584 272 697 322 ipsius
712 272 902 322 persolvit.
962 270 1021 308 Ac
1034 271 1187 320 dignior
1199 272 1332 319 is‚(qui
1346 284 1430 309 non
1442 271 1544 310 ultro
1558 274 1593 311 se

6 357 9 360 f
66 330 109 365 in
131 329 343 378 periculum
365 330 555 377 conjecit)
579 331 654 367 vira
680 328 891 367 censendus
912 326 963 370 est
976 355 986 370 ‚
1005 327 1075 364 illo
1088 328 1156 374 qui
1171 336 1312 364 naturae
1326 339 1425 376 opus
1443 329 1593 376 perdere

69 385 207 424 voluit.
264 385 461 421 Excellens
473 386 577 425 enim
590 387 627 421 δ(
642 385 915 422 admirandum
930 393 1072 420 naturae
1095 395 1194 431 opus
1209 382 1258 419 est
1269 382 1491 420 humanum
1502 396 1589 420 cor-

67 451 153 488 pus,
167 449 277 476 tanto
291 439 747 482 artificio'construetum,
761 437 900 487 totdue
917 439 1029 475 annis
1043 439 1270 475 educatum:
1295 450 1339 475 ac
1351 440 1383 476 is
1395 449 1522 476 morte
1535 441 1595 476 di·

66 506 181 545 gnus,
194 496 262 542 qui
276 495 310 532 id
325 505 467 532 naturae
478 494 682 532 artificium
693 495 813 532 delere
828 504 1004 531 conatur.
1070 494 1246 541 Princeps
1261 494 1393 542 itaque
1404 494 1499 532 dum
1515 494 1591 532 ho-

67 550 138 587 stes
150 549 241 587 suos
253 549 548 598 quibuscunque
573 550 695 599 potest
713 550 842 587 modis
854 577 864 592 ,
888 549 924 585 se
935 549 1058 586 delere
1070 549 1180 592 velle,
1197 560 1244 586 ne
1256 549 1305 585 ab
1317 549 1390 586 illis
1403 550 1590 596 deleatur,

67 605 140 644 hac
151 605 430 655 Hierographia
445 604 625 650 ostendit,
637 617 763 653 neque
773 605 1010 657 imprudens,
1026 616 1154 653 neque
1167 603 1327 650 injustus
1341 605 1499 644 videtur.

206 715 566 769 INGENIO
645 717 1044 767 EXPERIOR
1123 716 1451 768 FUNERA

601 812 833 846 DtGNA
894 812 1050 846 MEO.

209 889 352 926 Narrat
372 889 505 926 Iovius
520 890 625 937 quod
642 888 800 941 Prosper
822 889 1023 928 Columna
1036 891 1115 934 jam
1130 887 1241 927 senex
1256 888 1459 926 amoribus
1474 887 1593 925 fuerit

63 943 391 991 deditus‚(etiamfi
410 945 526 982 Po'e‘ta
542 946 578 981 id
590 944 742 982 senibus
753 946 931 984 dedecori
945 945 1014 982 effe
1030 945 1128 988 velit,
1143 944 1238 981 dum
1250 945 1377 982 canit:

346 1001 628 1062 Turpe-ſsmx
642 1000 781 1059 miles,
803 999 1064 1065 turpeſs’nilis
1074 1006 1238 1061 amor.)

63 1081 108 1106 ac
120 1066 401 1112 scribit,amaffe
414 1071 594 1108 illustrem
611 1071 922 1119 foeiniiiani‚quae
935 1072 989 1108 illi
1004 1081 1188 1108 mutuum
1202 1080 1380 1109 amorem
1392 1068 1586 1105 reddebat.

64 1125 194 1174 Qeni
208 1126 372 1162 cumille
385 1137 520 1175 tegere,
538 1129 574 1164 ὅ(
600 1127 807 1165 honestum
836 1127 968 1164 haberi
983 1127 1116 1165 vellet3
1138 1125 1255 1163 semel
1275 1124 1404 1163 secum
1419 1123 1591 1161 familia-

60 1191 141 1217 rem
156 1181 368 1227 quendam,
385 1181 444 1218 sed
460 1181 598 1219 humili
612 1183 703 1219 loco
717 1193 854 1220 natum
871 1183 1060 1225 nobilem,
1081 1192 1121 1218 ut
1137 1182 1314 1218 foeminae
1328 1180 1489 1228 pudicos
1503 1191 1593 1216 mo-

61 1245 120 1271 res
135 1234 506 1279 videret‚adduxiss‘e.
566 1240 645 1287 Qi
666 1234 840 1276 foeminae
856 1239 866 1286 ζ
882 1248 921 1275 ut
936 1238 1073 1282 solent,
1087 1237 1282 1275 instabiles
1304 1237 1342 1272 &
1368 1234 1593 1272 inconstan-

57 1300 112 1326 tes
127 1289 209 1334 esse‚
224 1303 268 1328 ac
279 1294 393 1329 novis
405 1296 517 1329 rebus
531 1293 727 1342 delectari)
742 1296 791 1331 ita
809 1295 965 1342 placuit,
981 1304 1021 1330 ut
1033 1295 1197 1343 gratiam
1211 1294 1248 1329 &
1274 1293 1435 1339 copiam
1457 1289 1514 1326 sui
1537 1290 1593 1327 illi

60 1345 202 1382 fecerit.
259 1348 395 1395 Qod,
419 1347 509 1384 cum
533 1348 689 1386 summo
714 1351 837 1387 animi
857 1350 994 1387 dolore
1017 1347 1229 1397 percepisset
1252 1345 1419 1395 Prosper,
1434 1355 1592 1383 taurum

59 1401 184 1438 Perilli
197 1413 266 1450 pro
283 1403 539 1453 Hieroglypto
553 1405 703 1450 adjec'ro
716 1405 910 1454 Symbolo
944 1406 1009 1442 IN
1026 1405 1059 1440 G
1075 1405 1101 1441 E
1116 1406 1153 1442 N
1170 1404 1237 1440 10
1278 1403 1306 1439 E
1321 1403 1354 1438 X
1367 1402 1392 1438 P
1405 1402 1432 1437 E
1446 1401 1590 1438 RIOR

58 1456 86 1495 F
99 1457 134 1494 V
150 1457 187 1494 N
201 1458 229 1493 E
241 1458 278 1494 R
294 1458 331 1494 A
370 1458 407 1495 D
424 1460 439 1495 I
455 1459 488 1495 G
505 1460 542 1496 N
555 1459 590 1496 A
624 1461 667 1497 M
682 1461 708 1496 E
722 1461 773 1503 O,
788 1460 918 1510 elegit3
934 1471 974 1497 ut
987 1460 1203 1497 ostenderet
1218 1458 1251 1495 se
1262 1457 1431 1494 flammis
1443 1457 1591 1493 amoris

59 1513 179 1555 exuri,
194 1524 240 1549 ac
252 1513 345 1551 mali
357 1512 413 1551 sui
425 1513 586 1563 seipsum
599 1516 754 1553 causam
768 1516 857 1555 effe,
884 1514 994 1564 quod
1018 1515 1167 1552 anlaslae
1191 1513 1261 1551 suae
1276 1514 1399 1550 alium
1411 1511 1592 1549 adduxis-

57 1567 108 1604 set
122 1578 306 1617 procum:
326 1581 370 1606 ac
380 1569 548 1607 eundem
559 1581 727 1609 errorem
753 1570 994 1614 commisiffe,
1010 1583 1127 1618 quem
1142 1571 1297 1607 Perillus
1310 1569 1406 1605 olim
1422 1567 1592 1604 commi-

57 1623 173 1660 serat:
194 1623 291 1660 dum
306 1626 446 1673 proprij
463 1626 637 1663 interitus
647 1626 758 1664 causa
775 1626 871 1664 esset.
928 1627 1085 1665 Perillus
1102 1627 1208 1663 enirn
1222 1626 1417 1675 Tyranno
1432 1622 1591 1659 Phalari

57 1679 433 1717 inveneratmodum
445 1693 527 1728 quo
543 1682 727 1720 homines
740 1683 888 1732 ingenti
912 1684 1083 1719 cruciatu
1104 1680 1280 1724 interfici,
1304 1679 1447 1726 absque
1461 1677 1588 1714 astan-

55 1735 155 1771 tium
168 1734 509 1773 commiseratione
523 1736 681 1785 possent.
736 1739 916 1775 Taurum
931 1749 1070 1786 nempe
1083 1736 1315 1779 aeneum‚eui
1329 1732 1500 1771 inclusus
1513 1732 1590 1769 ho-

54 1801 140 1832 mo,
155 1789 341 1827 substrato
356 1792 456 1840 igue,
472 1803 557 1829 non
573 1794 751 1830 eiulantis
765 1803 831 1830 aut
842 1795 1029 1842 gementis
1045 1793 1220 1830 hominis
1236 1801 1386 1832 vocem,
1406 1788 1462 1825 sed
1478 1788 1591 1824 bovis

56 1846 250 1894 mugitum
263 1845 396 1883 ederet.
453 1848 600 1885 Verum
619 1849 959 1885 Phalarismiratus
976 1848 1128 1885 artificis
1141 1848 1357 1896 ingenium,
1376 1845 1490 1881 illum
1505 1854 1590 1880 tau-

55 1913 101 1937 ro
113 1901 396 1945 includijussir‚
411 1914 454 1938 ac
469 1904 598 1951 ignem
622 1903 824 1942 substernis
846 1905 896 1941 ita
910 1903 1024 1942 miser
1045 1903 1204 1941 Perillus
1225 1903 1405 1950 mugiens
1432 1900 1590 1948 proprio

53 1957 232 2000 invento,
249 1958 284 1993 ἃ
299 1956 473 1994 horribili
487 1960 624 1997 mortis
638 1971 774 2008 genere
789 1961 910 2008 perijt.

108 2068 215 2118 NE
266 2069 408 2118 PER
459 2067 826 2127 PIOGGIA,
871 2072 984 2120 NE
1027 2070 1176 2127 *PER
1238 2066 1544 2118 VENTO.

136 2200 425 2273 NEQVE
480 2146 1146 2271 PruvifflestNEQsE
1201 2200 1509 2250 VENTo.

207 2297 344 2334 Turris
357 2306 424 2334 aur
437 2296 643 2334 :edificium
669 2295 774 2345 supra
799 2308 932 2344 rupem
947 2296 1179 2339 extrue‘tuni,
1193 2297 1375 2333 animum
1399 2293 1585 2341 Principis

53 2351 210 2393 indicat,
225 2355 304 2400 qui,
319 2362 358 2389 iit
370 2355 478 2390 turris
492 2364 619 2398 neque
631 2352 650 2388 ὲ
668 2353 799 2393 vento,
815 2363 941 2399 neque
953 2364 972 2388 a
986 2352 1118 2401 'pluvia
1141 2353 1322 2394 concuti,
1338 2350 1502 2397 acdeijci
1516 2360 1587 2397 po-

54 2406 132 2448 test,
148 2409 197 2444 ita
221 2419 290 2443 nec
313 2406 403 2444 illexi
417 2409 526 2444 rebus
541 2407 711 2444 adversis.
770 2406 965 2443 Constans
989 2408 1094 2443 enim
1119 2407 1169 2443 est
1181 2419 1224 2443 ac
1250 2406 1397 2449 firmus,
1415 2416 1453 2441 ut
1473 2405 1588 2441 nullo

53 2461 233 2504 fortunae,
249 2473 312 2498 aur
326 2463 556 2499 adversitatis
569 2464 647 2500 telo
662 2463 872 2503 immutari,
898 2471 963 2498 aar
976 2461 1145 2498 convelli
1164 2461 1293 2510 possit.
1347 2462 1587 2510 Qicunquc

53 2516 279 2560 huiusmodi
301 2518 524 2555 constantiae
549 2517 788 2566 propositum
815 2516 881 2552 sibi
906 2518 1093 2565 proponit
1114 2517 1305 2564 Princeps,
1324 2517 1435 2553 laude
1448 2517 1588 2564 dignus

52 2571 115 2608 est.
169 2573 281 2609 Nihil
296 2574 400 2610 euim
418 2575 535 2609 Her-oi
549 2574 671 2622 magis
686 2574 940 2615 conveniens,
956 2572 1075 2620 quam
1092 2572 1256 2609 fortunae
1278 2574 1442 2620 impetus
1467 2571 1586 2617 negli-

51 2639 152 2676 gere,
166 2628 355 2664 inviCtum
369 2627 401 2664 se
423 2629 584 2676 praeberc
599 2656 607 2669 ‚
631 2628 773 2674 qumvis
788 2627 961 2673 perferre,
988 2639 1032 2664 ac
1056 2627 1253 2664 ostendere
1277 2629 1455 2663 animum
1473 2624 1588 2661 omni

43 2679 228 2724 fortuna,
243 2684 362 2720 ctiam
375 2682 528 2720 adversa
554 2682 624 2718 effe
648 2686 860 2726 majorem:
889 2685 925 2719 ἅ
940 2682 1141 2719 fortunam
1157 2682 1285 2730 potius
1298 2683 1449 2723 animo,
1465 2691 1585 2727 quam

52 2739 232 2773 animum
245 2737 411 2774 fortunae
427 2749 565 2786 parere.
604 2738 644 2774 Id
669 2735 764 2773 certe
788 2748 974 2787 martyres
1000 2738 1243 2785 complures,
1273 2738 1339 2785 qui
1362 2735 1586 2784 sangar-inem

52 2803 123 2839 pro
143 2792 280 2829 Christi
295 2792 369 2828 fide
381 2793 576 2833 fuderunt,
592 2805 636 2829 ac
650 2795 774 2829 varias
787 2792 1036 2836 calamitates,
1052 2791 1237 2840 variadue
1251 2802 1443 2828 tormenta
1462 2799 1587 2837 pertu-

52 2846 189 2888 lerunt,
205 2848 400 2884 testantur.
459 2849 503 2884 In
518 2847 683 2883 ferendis
700 2848 805 2882 enim
820 2849 1034 2891 tormentis,
1052 2850 1089 2884 ὅ(
1102 2848 1269 2889 torturis,
1290 2849 1405 2882 etiam
1419 2846 1587 2881 delicatae

53 2903 285 2951 virgunculae
296 2913 373 2939 tam
386 2902 602 2940 constantes
617 2902 820 2940 nonnullae
830 2901 999 2946 fuerunt,
1018 2914 1057 2939 ut
1073 2914 1155 2939 non
1167 2904 1371 2938 tormentis
1387 2899 1515 2948 affligi,
1528 2897 1588 2933 sed

817 2957 861 2992 M
1443 2955 1586 2996 deliciis
