1877 3277
133 242 231 303 Μ’
445 308 761 360 SEMPER
840 307 1383 360 ARDENTIBUS.

287 400 445 450 Aquilae
458 406 549 451 quia
566 406 769 453 proprium
785 404 836 442 est
849 404 1032 445 altissime
1046 419 1119 456 prae
1132 407 1271 444 eaeteris
1283 404 1420 442 avibus
1434 403 1579 448 volare,
1595 414 1685 453 pro-

131 470 262 512 pterea
275 461 316 497 in
330 460 661 509 Hieroglyphieis,
677 460 846 498 excelsas
857 463 981 501 animi
993 464 1258 512 cogitationes
1271 470 1410 498 notare
1424 458 1532 497 solet.
1558 458 1686 497 Potest

131 520 266 565 itaque
289 513 390 557 reste
411 515 746 566 aquilaMystam,
773 515 837 555 seu
861 517 1074 556 authorem
1090 517 1386 568 Hier-ographiae
1405 515 1617 565 difignare,
1641 524 1688 551 ac

130 574 288 622 serpens
302 572 372 619 qui
387 570 519 620 pestus
533 572 670 619 aquilae
685 571 1081 615 verberat‚amafiam.
1108 575 1163 612 Ex
1180 573 1375 624 Symbolo
1387 582 1518 609 autem
1544 571 1566 608 S
1582 571 1609 607 E
1620 570 1687 606 M-

129 629 160 667 P
177 629 204 665 E
219 629 257 665 R
295 627 333 664 A
350 627 385 664 Κ
402 626 437 664 D
453 627 481 663 E
495 628 531 665 N
546 628 610 664 TI
625 628 661 665 V
675 628 713 673 S,
757 628 1000 678 dignoscitur
1020 629 1174 680 serpens
1186 629 1312 680 dipsas
1334 627 1419 671 esse,
1436 629 1505 676 qui
1518 625 1539 664 a
1555 625 1589 663 se
1602 637 1687 663 ver-

130 685 325 726 beratum,
341 681 398 720 siti
419 681 627 723 insatiabili
641 684 799 728 cruciat,
815 697 860 722 ae
871 686 921 724 ita
934 686 1065 731 afficit,
1081 697 1122 726 ut
1133 685 1218 735 quo
1243 685 1328 735 plus
1351 685 1473 728 bibat,
1487 680 1686 720 ardentiiis

128 750 276 791 potum
290 747 463 788 appetat.
522 739 668 777 Similis
682 739 756 777 sitis
772 742 810 777 in
825 753 963 780 amore
975 743 1305 782 animadvertitur:
1329 741 1397 789 qui
1408 741 1515 777 enim
1529 739 1688 776 sormo-

128 796 174 835 sae
188 796 381 839 foeminae,
406 803 474 833 aut
498 796 634 844 puellae
658 807 798 834 amore
821 807 956 848 captus
969 798 1040 842 est,
1065 811 1150 847 quo
1167 799 1252 847 plus
1265 809 1353 834 eam
1369 795 1687 844 contemplatur,

128 854 155 891 S
169 853 197 890 E
213 853 257 901 M
272 852 299 889 P
313 852 341 889 E
357 853 395 889 Κ
452 850 492 888 A
507 852 545 888 Κ
558 852 597 888 D
613 852 689 890 EN
704 853 739 888 T
757 854 772 890 1
789 852 826 890 V
838 854 862 890 S
908 852 1132 904 majoricfiue
1164 852 1467 901 contemplandi
1500 849 1688 888 desiderio

128 908 525 947 afficitur&tenetut.
582 908 635 945 Ea
657 909 766 945 enim
790 911 940 947 amoris
962 912 1017 947 vis
1041 912 1092 948 est
1107 939 1115 954 ‚
1138 920 1181 947 ut
1204 921 1344 947 amans
1368 918 1582 956 nunquam
1604 904 1691 943 visu.

129 966 266 1003 amieae
279 963 448 1007 satietur,
463 962 527 1000 sed
559 964 583 1001 S
597 964 626 1000 E
638 964 681 1000 M
696 965 722 1000 P
738 965 764 1000 E
777 966 815 1002 R
850 965 891 1003 A
903 967 942 1003 Κ
954 966 992 1003 D
1007 968 1036 1004 E
1047 969 1085 1006 N
1098 967 1134 1004 T
1151 967 1216 1004 IV
1230 966 1254 1003 S
1296 965 1437 1003 intueti
1458 965 1602 1013 cupiat,
1617 961 1688 999 do-

128 1033 203 1060 nee
216 1021 284 1060 illa
296 1019 460 1064 fruatur,
476 1030 522 1057 ae
542 1005 602 1058 illi
613 1020 783 1061 uniatur.

289 1133 507 1185 NON
585 1133 885 1207 CtosseA
966 1132 1523 1186 CONDEMUR

713 1230 789 1264 IN
868 1229 1091 1266 ALVO.

282 1307 442 1356 Equum
454 1306 681 1345 Troianum
695 1307 983 1358 Hieroglypton
999 1307 1241 1354 refert,cujus
1255 1308 1415 1346 historia
1430 1307 1517 1345 Sex.
1531 1306 1689 1346 AEnei-

126 1365 200 1404 dos
211 1362 233 1401 ὁ.
247 1364 417 1414 Virgilio
429 1365 620 1400 recitatur.
678 1365 715 1401 Is
729 1364 957 1402 Graeeorum
972 1363 1072 1401 dolo
1085 1365 1215 1401 Troiae
1228 1376 1269 1402 ea
1277 1365 1423 1414 piendae
1435 1363 1548 1401 eausa
1563 1375 1689 1401 extru-

127 1422 214 1460 &us
226 1429 318 1458 erat.
377 1419 624 1457 obsederant
646 1421 755 1458 enim
781 1421 960 1466 decennii
986 1419 1118 1469 spacio
1140 1421 1309 1458 Troiam
1332 1421 1470 1464 Graeci,
1486 1432 1633 1458 aecum
1649 1419 1687 1457 se

125 1488 265 1526 capere
278 1475 417 1514 urbem
430 1474 535 1524 poss‘e
548 1476 801 1525 desperarem&
833 1477 882 1514 ad
895 1475 1108 1519 fraudes,&
1123 1476 1241 1513 dolos
1255 1475 1597 1525 converfi‚equum
1613 1478 1689 1514 im-

127 1531 272 1572 mensa:
284 1532 574 1583 magnitudinis
590 1532 1013 1576 construxerunt,intus
1028 1543 1253 1572 concavum
1267 1545 1312 1570 ae
1323 1533 1515 1570 militibus
1529 1533 1688 1570 lantum

127 1590 336 1639 repletum.
392 1588 482 1625 Hoc
500 1588 684 1628 incastris
699 1588 850 1632 relidio,
874 1588 994 1626 eastra
1020 1587 1087 1637 ipsi
1100 1587 1310 1632 deseruere,
1335 1601 1379 1627 ae
1405 1589 1454 1626 ad
1477 1589 1690 1626 Tenedum

126 1644 301 1683 insulam
312 1655 396 1682 non
412 1644 552 1693 procul
566 1645 657 1683 inde
675 1644 884 1684 distantem
902 1643 936 1682 se
948 1655 1186 1693 receperunt,
1203 1646 1335 1694 paucis
1352 1646 1452 1682 eirea
1467 1656 1617 1692 equum
1629 1656 1690 1682 re-

128 1701 245 1745 listis,
261 1701 330 1750 qui
344 1701 577 1738 nunciarent
595 1701 796 1744 Troianis,
812 1701 1000 1739 Minervae
1013 1699 1127 1738 sacri's
1141 1711 1333 1749 occupata
1356 1701 1452 1738 urbe
1463 1701 1690 1739 dedicatum

126 1756 251 1800 fuisse,
275 1768 320 1794 ae
335 1765 535 1805 propterea
551 1759 751 1806 optimum
768 1756 868 1800 fote,
884 1756 909 1793 fi
922 1766 1080 1797 tantum
1094 1757 1184 1794 Deae
1201 1757 1381 1794 oblatum
1396 1768 1557 1801 munus,
1572 1758 1612 1794 in
1625 1769 1690 1794 ut-

127 1814 219 1851 bem
233 1811 395 1850 illaesum
411 1812 459 1849 ad
487 1811 579 1850 Deae
591 1812 750 1851 delubra
764 1812 988 1851 deferretur.
1059 1813 1230 1851 Troiani
1244 1813 1474 1851 machinam
1491 1814 1689 1858 admirati,

128 1882 175 1907 ae
196 1869 387 1918 religione
419 1869 642 1913 commoti,
667 1880 760 1905 eum
796 1881 860 1918 per
882 1879 1015 1918 portas
1046 1880 1132 1907 non
1167 1868 1340 1919 possent,
1362 1869 1499 1906 dirutis
1522 1870 1689 1907 civitatis

127 1926 263 1968 muris,
277 1926 382 1963 viam
397 1935 504 1972 equo
517 1925 705 1970 fecerunt,
720 1927 819 1966 acin
834 1926 1035 1963 civitatem
1050 1936 1265 1963 traxerunt.
1322 1925 1364 1963 Id
1380 1937 1470 1962 cum
1488 1925 1609 1962 Graeci
1624 1937 1690 1962 au·

127 1981 275 2024 dissent,
292 1980 430 2018 statuta
452 1979 548 2018 hora
575 1981 623 2018 ad
651 1983 807 2018 moenia
828 1992 1098 2031 properarunt,
1120 1993 1163 2018 ae
1175 1993 1281 2030 equo
1296 1980 1431 2019 inclusi
1445 1981 1604 2030 pacCtum
1630 1981 1690 2020 fa·

128 2040 243 2076 cinus
256 2048 348 2074 eum
371 2036 673 2074 adventantibus
696 2037 809 2083 soeijs
831 2037 1016 2087 aggressi,
1033 2037 1208 2075 similiter
1229 2039 1446 2075 tumultum
1465 2049 1545 2075 non
1563 2038 1690 2075 levem

126 2105 235 2141 equo
257 2090 417 2143 egressi,
442 2093 483 2129 in
513 2093 668 2130 civitate
694 2095 924 2132 excitarunt:
984 2095 1041 2131 Ita
1065 2104 1107 2130 ut
1128 2094 1289 2132 tandem
1305 2094 1609 2137 urbe,Tr0ia11is
1626 2105 1690 2131 ex-

128 2148 247 2199 pulsis
262 2178 272 2190 ‚
301 2149 530 2197 potirentur.
590 2149 656 2186 Ad
677 2149 781 2186 hane
802 2149 1008 2187 historiam
1028 2150 1166 2187 alludit
1188 2149 1314 2200 Mysta
1331 2151 1426 2187 dum
1440 2151 1515 2186 ait:
1542 2150 1578 2187 N
1597 2150 1634 2186 O
1649 2149 1687 2186 N

130 2205 166 2242 C
182 2205 252 2242 OE
268 2203 355 2241 CA
395 2202 480 2240 CO
496 2202 586 2241 ND
603 2205 631 2241 E
647 2205 689 2242 M
705 2205 741 2243 V
758 2207 796 2242 Κ
831 2206 897 2243 IN
933 2205 1018 2243 AL
1034 2205 1071 2242 V
1087 2206 1136 2242 O.
1195 2207 1292 2256 Qo
1309 2205 1691 2257 Symboloindieare

128 2261 227 2303 vult,
245 2259 279 2296 se
293 2271 375 2297 non
389 2259 503 2302 dolo,
527 2262 565 2297 ὃ(
581 2259 732 2305 fraude,
755 2261 815 2298 sed
839 2262 980 2299 virtute
1002 2261 1130 2299 hostes
1146 2260 1237 2298 suos
1259 2261 1433 2311 superare
1445 2262 1555 2300 velle.
1611 2261 1689 2298 Ge-

129 2315 267 2355 nerosa
281 2328 343 2353 me
358 2313 487 2353 hercle
500 2315 674 2353 Gnome:
733 2317 911 2354 Animus
934 2318 1040 2355 enim
1057 2330 1226 2367 magnus
1241 2329 1325 2355 non
1342 2315 1454 2362 ῐςᾶὲ,
1477 2319 1514 2354 δε
1528 2317 1690 2354 clancu-

129 2374 230 2415 lum,
257 2370 317 2408 sed
331 2369 461 2420 aperte
483 2372 652 2409 inimicis
667 2383 812 2411 nocere
823 2374 953 2422 eupit,
982 2383 1024 2410 ut
1038 2373 1109 2416 illi,
1125 2372 1160 2410 se
1173 2386 1257 2410 non
1273 2373 1450 2417 fortuna,
1468 2372 1528 2410 sed
1550 2374 1691 2410 virtute

130 2428 299 2477 superari
313 2425 495 2471 sentiant,
525 2440 569 2464 ae
581 2429 712 2472 virtus,
737 2430 889 2466 inimici
911 2428 1096 2467 dolorem
1109 2438 1263 2479 augeat.
1323 2428 1582 2477 Ciunitaqasc
1597 2429 1692 2465 ulei·

129 2485 181 2522 sei
196 2484 303 2532 eupit
316 2483 458 2533 Mysta,
473 2483 605 2531 palam
617 2484 653 2521 id
667 2483 772 2527 facit,
788 2494 830 2522 ut
853 2486 1052 2530 inimicus,
1069 2484 1093 2522 sl
1108 2486 1164 2522 illi
1177 2488 1303 2534 impar
1325 2485 1377 2529 fit,
1398 2488 1592 2531 majorem
1615 2485 1690 2521 do-

130 2541 271 2581 lorem,
285 2536 396 2586 quod
421 2537 457 2576 se
472 2538 637 2576 vicissim
661 2539 896 2592 ulcisci-non
921 2540 1055 2589 possit,
1071 2544 1108 2579 δε
1126 2541 1281 2578 hostem
1295 2540 1316 2577 ἐι
1330 2553 1414 2588 quo
1429 2541 1569 2585 injuria
1583 2540 1691 2578 illata

129 2596 196 2639 est,
214 2592 371 2637 noscat,
398 2593 724 2644 impunitumque
756 2595 875 2634 sinere
907 2607 1094 2646 cogatur,
1128 2597 1284 2635 habeat.
1341 2598 1432 2635 Haee
1451 2596 1540 2634 sunt
1563 2595 1689 2634 animi

130 2651 267 2701 magni
279 2650 437 2694 indicia,
453 2648 768 2700 leonisquemon
781 2651 996 2702 vulpeculae
1010 2664 1194 2691 naturam
1209 2653 1420 2691 ostentant.

404 2763 784 2814 PRUDENS
861 2765 1406 2819 SIMPLICITAS.

287 2855 392 2893 Inter
403 2867 447 2894 ea
462 2868 548 2905 quae
568 2858 691 2895 vitam
704 2858 919 2895 beatiorem
943 2859 1131 2904 efficiunt,
1147 2861 1337 2898 Martialis
1362 2860 1592 2909 prudentem
1605 2855 1692 2895 fim-

132 2907 349 2958 plieitatem
362 2923 529 2951 enarrat.
551 2913 649 2951 Inde
664 2913 908 2964 Symbolum
930 2914 1182 2965 desumptum
1196 2915 1260 2953 est.
1313 2915 1581 2966 Simplicitatis
1605 2923 1691 2962 pru-

1563 2968 1692 3007 dentis
