1877 3277
1528 266 1621 314 73·

92 310 254 352 absurde
264 314 502 360 Aristotcles,
516 318 644 354 lucem
655 316 787 355 aetum
797 316 868 355 ess‘e
881 315 1065 366 perspicui
1087 328 1281 365 quatenus
1294 318 1543 368 perspicuum
1555 321 1622 358 dea

92 368 249 411 finierit
305 370 466 409 Isabella
486 373 707 422 Palaeologa
725 373 854 421 Graeca
868 384 913 409 ex
937 373 1137 421 prosapia
1129 383 1411 422 imperatorum
1424 373 1623 421 Constan-

89 426 466 474 tinopolitanorum‚
484 439 642 478 propter
662 429 881 475 'furcarum
891 429 1150 478 tyrannidem,
1161 439 1244 467 tam
1254 430 1322 467 diu
1334 431 1374 468 in
1387 431 1553 469 tenebris
1566 431 1622 468 la·

88 481 313 524 tuit,donec
328 482 513 522 francisci
532 484 777 523 Marchionis
789 485 967 529 conjunx
988 483 1095 528 effer,
1124 487 1235 531 cujus
1249 484 1548 524 unius&solius
1561 487 1621 536 luf

90 548 146 581 ce,
163 536 188 573 si
201 536 236 574 se
249 548 421 586 ereptam
443 536 463 575 ὲ
479 539 644 576 tenebris
665 537 863 589 agnoscat,
883 550 928 576 ac
947 538 1014 575 fibi
1033 539 1144 576 illam
1171 539 1296 581 solam
1319 541 1448 579 lucem
1470 541 1620 592 suffice-

89 604 141 631 re,
155 602 196 628 ut
219 604 359 630 omnes
382 595 504 631 animi
517 594 726 634 molestias,
738 596 964 638 anxietates,
987 592 1206 642 omniac'lue
1224 595 1392 645 perpess‘a.
1414 598 1523 637 mala
1546 597 1621 636 ob·

91 647 209 690 literet
232 660 277 685 ac
297 649 535 700 exstinguar,
563 651 651 698 quis
674 650 731 686 illi
753 650 849 687 vitio
869 659 1015 687 vertere
1038 650 1173 698 potest,
1195 648 1281 688 imo
1302 663 1389 689 non
1402 652 1535 691 laudet
1546 665 1620 703 po·

90 703 192 740 tius?
256 704 434 741 Mulieris
461 706 569 742 enim
596 705 662 744 lux
693 707 750 743 vir
771 705 848 748 est,
868 703 889 741 ὲ
914 717 998 752 quo
1024 715 1306 745 ornamentum
1326 708 1366 745 &
1387 707 1621 765 dignitatem

89 756 324 807 adipiscitur.
381 760 453 797 Sed
476 763 513 798 ὅ(
539 773 625 798 non
638 761 736 798 nulli
762 761 1019 804 arbitrantur,
1040 760 1151 798 illam
1172 760 1246 797 hac
1266 739 1551 812 Hierographia
1573 774 1619 800 u-

89 813 169 851 sam
193 825 284 851 cum
308 815 424 852 vidua
448 815 558 860 effer,
585 828 629 853 ac
651 817 700 854 ab
731 815 921 853 omnibus
944 816 1092 859 aulicis,
1114 828 1198 852 uno
1212 826 1372 865 excepto
1393 816 1503 863 sene,
1517 817 1618 856 dese-

86 879 241 907 teretur:
297 869 404 907 Cum
426 873 533 908 enim
560 871 664 908 filius
690 870 1033 920 ipfius‚Amasiam
1046 870 1225 907 nobilem
1246 874 1425 922 conjugis
1446 874 1540 910 loco
1564 872 1618 910 sc·

87 937 179 962 curn
203 925 518 969 circumveneret,
543 939 588 963 ae
609 938 750 964 omnes
763 927 912 963 aulicos
925 955 934 970 ‚
954 928 998 974 (a
1011 927 1154 974 quibus
1166 935 1290 964 mater
1302 937 1415 969 antea
1429 927 1621 966 honorari

87 979 261 1028 solebat)
285 991 325 1017 ut
350 981 516 1018 Amafiae
546 983 618 1019 sua:
641 983 774 1019 aulam
788 989 964 1025 ornaret,
980 984 1017 1018 δε
1032 982 1078 1018 ad
1093 980 1326 1023 setraheret:
1348 982 1480 1020 Vidua
1496 993 1620 1022 mater

87 1036 136 1073 ab
157 1036 347 1073 omnibus
369 1038 542 1086 neglcfta
565 1038 660 1081 fuit,
681 1036 860 1086 unusque
881 1036 1034 1077 tantum
1056 1037 1114 1073 illi
1141 1035 1242 1074 fidus
1254 1037 1472 1076 adhaerebat
1485 1038 1616 1083 senex,

87 1094 196 1135 cuius
220 1091 341 1128 fidem
363 1095 399 1129 ὅ(
416 1094 566 1136 lucem,
590 1102 631 1130 ut
649 1092 716 1129 sibi
736 1091 937 1139 suffecisse,
963 1104 1008 1129 ac
1026 1102 1179 1131 caetcros
1201 1093 1468 1142 contempsisse
1489 1095 1619 1132 osten-

85 1148 212 1190 deret,
235 1147 436 1184 verifimile
462 1148 512 1185 cst
536 1148 639 1185 hanc
662 1147 989 1195 Hierographiam
1023 1147 1184 1184 edidisse:
1252 1149 1482 1186 Prudentius
1503 1161 1549 1187 ac
1572 1161 1618 1187 u-

86 1202 190 1239 tilius
235 1204 352 1239 unius
385 1203 559 1240 hominis
580 1204 703 1252 probi,
719 1204 756 1240 ὅ(
776 1202 841 1239 fidi
861 1202 1143 1244 consuetudine
1165 1204 1218 1239 uti
1242 1204 1349 1247 licet,
1373 1205 1494 1252 quam
1511 1205 1617 1243 mul·

85 1268 237 1303 torum,
264 1258 356 1296 cum
380 1258 471 1296 fides
485 1259 506 1296 ἁ
528 1259 661 1296 multis
682 1257 770 1296 raro
794 1257 952 1303 servari,
977 1259 1024 1295 ab
1039 1270 1121 1295 uno
1135 1259 1321 1308 facillime
1334 1259 1465 1309 possit.

404 1365 1278 1479 AMQMOZ.

590 1506 1115 1614 INngsEENS.

233 1658 309 1696 Pro
339 1660 576 1697 innocentia:
598 1659 827 1706 testimonio
850 1657 1006 1697 exhibet
1029 1656 1093 1693 hic
1113 1655 1365 1694 adamantem
1390 1657 1432 1693 in
1456 1654 1619 1693 summi-

81 1722 158 1750 tate
169 1716 316 1751 montis
337 1715 604 1759 constitutum,
618 1726 663 1752 ac
683 1714 940 1763 conspicuum
961 1710 1189 1761 facibusque
1221 1712 1455 1749 illustratum
1475 1710 1617 1761 Mysta-

82 1769 261 1806 Adamas
285 1771 384 1809 inter
405 1783 546 1808 ornnes
558 1782 736 1820 gemmas
748 1770 883 1810 colore
903 1769 1018 1805 omni
1040 1777 1174 1807 vacat,
1198 1779 1242 1804 ac
1254 1766 1497 1816 transparens
1511 1765 1562 1804 est
1575 1774 1619 1803 a‘-

82 1836 167 1872 quae
189 1825 316 1869 instar,
341 1828 514 1876 puritatis
545 1823 660 1870 sane,
685 1823 881 1874 bonaeque
913 1823 1157 1864 conscientiae
1190 1823 1321 1863 index
1392 1822 1552 1859 Duricie
1576 1823 1618 1859 &

82 1881 332 1924 fortitudine,
357 1882 454 1919 nulli
467 1893 713 1931 cfemmarum
724 1881 846 1924 cedit,
862 1880 963 1929 ignis
985 1879 1111 1919 ferens
1130 1879 1302 1925 injurias,
1327 1875 1348 1914 ὲ
1367 1889 1451 1925 quo
1466 1878 1616 1926 purior,

81 1947 127 1972 ac
149 1936 305 1973 nitidior
323 1937 503 1987 depositis
527 1936 724 1980 sordibus,
752 1938 790 1973 &
811 1908 1014 1975 nubeculis
1037 1932 1134 1970 solet
1165 1934 1289 1970 exire:
1325 1934 1379 1971 Vt
1402 1931 1503 1970 teste
1525 1933 1617 1981 igne

83 1993 331 2029 examinatus
355 1991 706 2041 irreprehensibilis,
728 1990 989 2039 acinculpatae
1012 1988 1311 2038 pulchritudinis
1323 1988 1399 2025 dici
1421 1988 1553 2037 possit.

83 2046 146 2083 Ad
168 2050 249 2093 ejus
270 2057 450 2085 naturam
474 2048 611 2085 alludit
642 2047 793 2097 Mysta,
828 2047 921 2083 cum
949 2045 985 2081 sc
1007 2046 1264 2091 innocentem
1294 2055 1338 2080 ac
1369 2044 1617 2092 inculpatum

81 2102 215 2139 Graeco
241 2103 437 2152 Symbolo
463 2103 647 2141 ostendit:
700 2102 847 2140 Habuit
860 2102 968 2140 enim
989 2100 1143 2137 invidos
1156 2098 1402 2147 complures,
1425 2099 1523 2137 dum
1536 2098 1617 2135 Ca·

82 2158 153 2194 toli
175 2159 316 2220 Qinti
340 2159 514 2196 summus
529 2159 620 2196 Dux
647 2158 739 2195 belli
759 2156 870 2200 effer,
894 2155 969 2194 hos
989 2154 1139 2200 facibus
1160 2155 1291 2203 ignitis
1311 2165 1454 2192 notare
1477 2154 1586 2192 violu
1589 2162 1616 2191 t:

81 2213 147 2250 Vri
171 2215 277 2249 enim
298 2215 397 2262 ignis
421 2215 624 2252 adamanti
643 2223 804 2256 notam,
831 2222 897 2249 aut
922 2211 1144 2249 maculam
1134 2220 1283 2247 inurere
1306 2211 1460 2248 nullam
1474 2208 1617 2259 potest·

83 2267 141 2305 sed
164 2268 278 2305 illum
302 2270 547 2313 nitidiorem,
570 2281 614 2307 ac
636 2269 884 2306 illustriorem
905 2266 1047 2307 reddit:
1084 2267 1137 2303 ita
1166 2275 1237 2301 nec
1260 2265 1383 2302 invidi
1405 2276 1472 2303 aut
1491 2265 1616 2302 detra-

81 2324 205 2360 stores
229 2325 343 2361 illum
368 2326 575 2369 calumniis
610 2325 808 2362 maculare
838 2319 924 2370 vere
945 2306 1110 2370 poss'unt.
1180 2320 1284 2370 Qia
1305 2317 1457 2360 ἄμωνΘ)
1476 2321 1516 2358 id
1540 2320 1616 2357 est:

81 2378 158 2415 sme
180 2381 358 2422 macula,
380 2392 425 2419 ac
447 2382 594 2419 montis
615 2380 731 2417 instar
746 2407 755 2422 ,
778 2378 892 2426 ipsius
913 2375 1052 2419 virtus,
1081 2387 1126 2413 ac
1147 2376 1389 2420 innocentia,
1407 2377 1459 2413 ita
1478 2375 1615 2419 firma,

80 2446 124 2471 ac
145 2436 333 2472 omnibus
353 2434 562 2484 conspicua
588 2435 659 2473 est:
680 2445 721 2471 ut
752 2433 977 2472 invidorum
1000 2443 1046 2469 ac
1068 2442 1301 2468 momorum
1330 2432 1508 2468 dentibus
1531 2440 1614 2467 tan-

78 2501 200 2538 quam
225 2490 390 2535 facibus,
407 2490 535 2539 potius
554 2488 899 2539 illustretut‚quam
923 2486 1162 2525 obscuretur.

514 2604 613 2653 IN
690 2599 1187 2667 AETERNUM,

242 2693 341 2730 Dua·
361 2705 503 2729 manus
534 2693 674 2730 dextrae
696 2691 716 2729 τὶ
737 2691 908 2729 nubibus
930 2689 1120 2747 porreitae,
1136 2688 1366 2732 nihilaliud,
1383 2685 1503 2736 quam
1515 2685 1614 2722 divi

82 2761 179 2786 num
203 2761 246 2786 ac
266 2748 476 2798 conjugale
503 2747 657 2792 foedus,
702 2748 812 2794 quod
844 2747 940 2783 inter
980 2745 1299 2796 Margaretham,
1323 2746 1361 2781 ὅ(
1384 2742 1616 2780 Fridcricum

80 2805 193 2841 istum
214 2803 501 2853 est,(1gnificat:
568 2804 734 2848 Duabus
762 2803 868 2839 enim
899 2802 1038 2838 dextris
1070 2801 1192 2839 solent
1219 2799 1370 2837 foedera
1405 2796 1615 2835 confirn-ia

79 2861 120 2897 ri.
176 2860 401 2909 Conjugale
432 2857 524 2897 xero
548 2860 679 2897 foedus
702 2859 752 2896 ad
769 2867 941 2895 mortem
973 2857 1128 2894 alterius
1150 2858 1329 2904 conjugis
1359 2862 1526 2942 tantums
1543 2852 1615 2942 cllu-

838 2913 873 2950 H
1398 2919 1480 2944 tare
1520 2918 1545 2942 o
1563 2914 1610 2941 ct.
