1877 3277
73 280 195 317 famia
210 287 369 321 arcetur,
382 275 635 327 generositate
648 277 870 316 insidiantes
894 277 1144 327 repelluntur,
1171 289 1215 314 ae
1230 276 1434 325 prudentia
1446 281 1616 327 pericula

75 344 266 372 caventur.
326 333 407 371 Istis
421 335 553 381 itaque
565 334 683 370 tribus
695 331 795 371 reste
806 332 842 370 se
855 333 1045 370 ferociam
1060 335 1165 382 proci
1180 332 1341 369 illudere
1363 334 1615 383 gloriabatur.

75 389 156 427 Cur
167 399 300 432 autem
313 388 393 426 haec
406 389 554 426 Beati-ix
570 389 707 426 eadem
722 390 908 438 Hierogra
916 388 1005 437 phia
1018 388 1083 426 usa
1098 388 1152 431 fit,
1168 387 1345 426 nescitur.
1361 386 1470 426 Forte
1483 389 1615 428 Theo·

74 443 199 495 logice
213 445 342 488 leone,
354 445 540 482 Satanam
553 443 738 494 dcfignat‚
760 456 879 492 quem
902 444 1025 481 tribus
1038 444 1188 482 facibus
1202 441 1277 493 spe,
1291 443 1368 481 fide
1383 446 1421 482 δε
1449 444 1615 484 charita·

73 511 109 547 te
120 500 320 538 domavit;
352 509 393 536 ut
404 499 582 536 diadema
598 499 751 542 coeleste
770 498 958 551 consequi
982 498 1110 549 poffet:
1147 500 1224 537 Vix
1238 501 1344 537 enim
1357 500 1538 538 credibile
1548 501 1614 545 est,

73 555 286 594 foeminam
301 552 455 603 politice
467 554 545 592 haec
566 555 730 605 intelligi
742 555 837 592 velle
851 566 861 594 3
883 567 1026 604 nempe
1039 555 1243 603 religione,
1258 555 1422 601 justicia,
1446 557 1485 593 &
1496 558 1616 604 armis

72 621 264 660 tanquam
277 609 441 654 facibus,
455 611 636 648 diadema
662 609 728 657 seu
747 622 915 661 regnum
938 620 1076 649 contra
1099 610 1260 660 leonem
1275 638 1285 655 ,
1325 610 1426 658 idest
1447 610 1617 663 hostem,

75 666 223 705 servari.

483 745 794 795 INSTAR
844 745 1222 795 OMNIUM.

226 841 335 891 Quid
349 839 416 878 sibi
430 841 519 878 velit
532 841 724 882 Emanuel
740 840 973 881 P'nilibertus
986 842 1078 880 Dux
1095 842 1298 884 Sabaudiae
1313 842 1391 880 hoc
1405 842 1615 894 Symbolo,

74 897 92 934 1
106 897 144 934 N
159 896 182 933 S
195 897 230 934 T
245 896 283 933 A
298 898 336 933 R
388 896 426 933 O
446 897 485 934 M
500 897 537 933 N
554 897 567 933 1
582 897 620 934 V
634 898 691 934 M.
725 897 884 935 difficile
903 898 954 935 est
978 898 1160 945 conjectu
1176 926 1186 943 ,
1213 897 1417 946 praesettim
1437 899 1547 947 quod
1569 911 1616 937 ex

73 952 333 1001 Hieroglypto
347 951 542 1000 explicari,
557 962 621 988 aut
632 951 796 1001 suppleri
819 953 1058 1002 Symbolum
1081 965 1165 991 non
1179 952 1312 1002 possit.
1346 955 1455 993 Nam
1466 966 1619 991 corona

68 1019 118 1044 -ex
133 1007 229 1044 lauri
242 1007 467 1050 frondibus,v
483 1019 574 1051 cum
588 1008 713 1046 baccis
727 1008 933 1052 exhibetur
945 1037 955 1052 ,
971 1010 1070 1046 acin
1089 1009 1278 1058 superiori
1294 1019 1399 1058 parte
1412 1008 1495 1046 rosa
1508 1021 1554 1050 ex
1572 1020 1617 1046 u·

73 1063 275 1106 nionibus‚
288 1063 355 1111 qui
369 1066 525 1112 gemam
538 1063 799 1108 circumstant,
814 1063 1061 1113 conspicitur.
1091 1064 1174 1102 Nisi
1189 1061 1273 1101 fore
1287 1065 1466 1113 Princeps
1478 1076 1618 1113 quem·

75 1119 292 1156 admodum
303 1130 460 1168 gemma
473 1118 537 1155 ista
554 1121 695 1167 precio,
710 1120 910 1168 dignitate,
925 1120 1117 1169 elegantia
1137 1122 1174 1157 ὅ(
1198 1119 1488 1169 pulchritudine
1500 1120 1620 1161 instar

77 1175 263 1211 omnium
277 1175 475 1211 unionum
490 1174 558 1213 est:
587 1175 643 1212 lta
655 1176 774 1212 etiam
786 1173 819 1211 se
856 1176 920 1212 IN
938 1175 961 1212 S
975 1175 1054 1211 TA
1067 1175 1103 1212 R
1138 1175 1176 1212 O
1189 1176 1233 1212 M
1246 1177 1281 1213 N
1301 1176 1367 1212 IV
1379 1176 1424 1213 M
1452 1174 1618 1216 suorum

73 1229 273 1267 subditoru
287 1228 356 1266 ess'e
372 1231 526 1269 innuat.
588 1230 767 1278 Princeps
789 1232 897 1267 enim
909 1230 1085 1280 caputest
1097 1232 1186 1278 reip.
1200 1232 1237 1267 δε
1251 1230 1343 1268 sicut
1356 1229 1378 1268 ὲ
1393 1232 1618 1281 capitenoti

72 1284 202 1323 solum
221 1295 354 1321 motus
371 1286 557 1321 omnium
571 1286 781 1329 membror,
805 1284 863 1326 sed
878 1287 994 1323 etiam
1011 1284 1139 1322 sensus
1156 1288 1352 1334 provenit:
1375 1287 1425 1323 ita
1438 1286 1460 1324 ὲ
1476 1288 1619 1335 princi-

73 1352 120 1391 pe
134 1340 233 1377 salus
248 1342 286 1377 &
306 1340 486 1377 foelicitas
501 1342 635 1389 populi
651 1339 918 1389 proficiscitur3
943 1351 982 1377 ut
995 1339 1096 1378 reste
1109 1342 1289 1390 Princeps
1305 1341 1341 1379 se
1357 1342 1421 1392 IN
1439 1343 1461 1381 S
1476 1343 1512 1379 T
1525 1343 1564 1379 A
1580 1343 1620 1380 R

75 1396 115 1433 Ο
129 1397 172 1432 M
188 1395 225 1432 N
240 1396 256 1432 1
270 1396 307 1433 V
322 1396 381 1439 M,
417 1394 438 1432 ὰ
453 1407 535 1443 quo
553 1395 651 1433 salus
667 1398 703 1433 ὅ(
718 1396 898 1433 foelicitas
914 1398 1099 1433 omnium
1123 1397 1328 1445 dependet,
1343 1397 1468 1434 dicere
1486 1397 1619 1446 possit:

73 1451 147 1489 Sed
160 1450 331 1488 fortassis
341 1462 493 1488 corona
507 1451 600 1496 h,aec‚
617 1464 702 1499 quae
713 1452 877 1489 ducibus
892 1452 1178 1489 Romanorum
1202 1452 1537 1501 triumphantibus
1550 1453 1620 1490 da-

74 1506 200 1550 batur,
214 1518 258 1543 ex
275 1507 371 1543 lauri
385 1506 504 1554 folijs,
518 1507 608 1544 huic
622 1507 724 1553 Duci
756 1509 827 1545 IN
843 1508 865 1544 S
880 1507 915 1543 T
928 1507 964 1544 A
980 1509 1017 1544 R
1049 1508 1086 1544 O
1101 1509 1144 1545 M
1159 1509 1196 1544 N
1212 1509 1228 1544 1
1246 1508 1282 1544 V
1298 1509 1341 1545 M
1378 1509 1544 1546 aliatum
1556 1508 1620 1546 est:

74 1562 235 1600 Solebat
245 1564 351 1599 enim
361 1562 444 1599 dari
456 1561 724 1607 obsidionalis,
742 1563 843 1600 Duci
859 1562 1105 1603 obsidionem
1121 1561 1225 1612 passo
1239 1577 1248 1600 ε
1264 1563 1416 1607 Civilis,
1432 1565 1560 1601 civem
1574 1565 1619 1600 li-

74 1619 241 1655 beranti:
257 1619 432 1660 muralis,
449 1615 577 1667 primo
592 1630 751 1655 murum
767 1618 965 1656 scandenti
981 1632 988 1655 ε
1016 1618 1236 1663 Castrmfis,
1253 1619 1371 1656 castra
1384 1621 1617 1669 occupanti:

75 1675 112 1712 ὅ(
127 1673 290 1716 navalis,
309 1671 589 1723 primonavem
603 1673 804 1711 infilienti:
864 1674 935 1711 Sed
948 1674 1196 1723 triumphalis
1208 1685 1365 1711 tantum
1389 1676 1480 1713 duci
1496 1676 1619 1712 totius

75 1731 348 1778 exercitus‚qui
362 1729 566 1767 victoriam
580 1729 803 1767 obtinuisset
817 1745 825 1766 :
849 1730 902 1768 Vt
914 1733 1021 1766 enim
1036 1731 1102 1767 ille
1115 1740 1231 1778 caput
1243 1731 1417 1767 militum
1432 1732 1621 1775 omnium

76 1787 113 1822 ὅ(
126 1787 315 1822 exercitus
325 1785 445 1829 est,ita
460 1787 497 1823 ὅ(
512 1797 663 1823 corona
678 1783 745 1834 ipsi
758 1787 862 1830 data,
898 1786 963 1823 IN
976 1786 999 1822 S
1015 1786 1049 1822 T
1062 1785 1101 1823 A
1117 1787 1154 1823 R
1182 1787 1349 1828 aliarum
1378 1786 1621 1824 OMNIVM

74 1839 145 1878 effe
154 1840 277 1878 debet.
335 1841 530 1889 Principes
544 1843 675 1890 itaque
687 1841 828 1879 restius
853 1845 1020 1890 majora,
1035 1838 1174 1891 eaduc,
1189 1853 1275 1890 quae
1294 1851 1425 1880 caetera
1438 1853 1620 1892 compte-

77 1895 268 1940 tiendum,
283 1895 404 1944 quiam
417 1897 554 1934 viliora
573 1906 721 1947 petunt.

213 1983 877 2039 RECONDUNTUR
938 1985 1127 2039 NON
1177 1986 1484 2042 RETUN„

675 2082 707 2114 D
732 2078 928 2114 uNTu
957 2081 1005 2114 R.

226 2153 324 2191 Palo
346 2167 454 2192 arma
477 2154 655 2205 impolita
670 2165 894 2199 cernuntur,
927 2155 1056 2202 inquit
1075 2154 1326 2205 Symbolum:
1371 2156 1407 2192 R
1422 2155 1450 2192 E
1464 2153 1498 2190 C
1511 2154 1550 2190 O
1564 2153 1621 2191 Ν·

75 2208 314 2247 DVNTV
332 2212 370 2247 R
401 2212 439 2249 N
457 2212 545 2249 ON
587 2209 1069 2249 RETVNDVNTV
1089 2212 1145 2248 R:
1203 2211 1379 2248 Retundi
1401 2211 1529 2253 enim,
1554 2217 1623 2250 aut

77 2265 218 2315 negligi
236 2276 285 2302 ne
299 2267 402 2314 pacis
414 2267 532 2316 quide
543 2276 719 2315 tempore
729 2267 884 2304 debent:
899 2266 1106 2314 Opinione
1118 2266 1306 2314 siquidem
1318 2264 1428 2303 citius
1440 2265 1532 2314 saepe
1545 2264 1621 2302 bel-

75 2320 112 2358 la
126 2322 521 2364 oriuntur,acincauti
534 2325 571 2360 ὅ(
583 2322 661 2359 sine
675 2324 793 2359 armis
818 2319 932 2358 facile
943 2321 1178 2369 superantur.
1251 2322 1463 2360 Prudentes
1482 2321 1624 2370 princi-

76 2387 141 2426 pes
165 2386 339 2425 tempore
362 2379 464 2425 pacis
488 2379 665 2426 cogitant
685 2378 864 2414 debello
883 2404 893 2420 ‚
915 2389 959 2414 ac
973 2379 1023 2414 ita
1037 2379 1175 2414 omnia
1190 2387 1340 2426 parant,
1355 2387 1398 2414 ut
1411 2386 1498 2414 orto
1517 2375 1625 2414 bello

78 2430 280 2480 extemplo
296 2434 429 2480 parati,
446 2433 658 2479 necessarijs
669 2433 856 2469 omnibus
870 2431 952 2469 sint:
1012 2433 1243 2481 Exemplum
1258 2432 1469 2481 prudentiae
1485 2431 1623 2481 praebet

79 2485 252 2535 Respub.
269 2488 432 2532 Veneta,
447 2487 563 2536 quteti
580 2489 711 2525 multis
732 2490 848 2525 aunis
862 2490 1214 2526 armamentarium
1242 2490 1540 2525 celeberrimum
1563 2496 1624 2523 to-

76 2544 152 2578 tius
168 2543 330 2592 Europae
343 2545 381 2580 in
399 2545 719 2593 proinptu‚oinni
734 2555 939 2581 armorum
957 2555 1097 2594 genere
1110 2543 1294 2587 instrueh‘i
1309 2544 1434 2581 habet.
1474 2541 1626 2580 Verum

83 2608 165 2634 non
180 2597 309 2636 solum
324 2600 442 2636 armis
457 2599 625 2647 prudens
638 2601 829 2647 princeps,
845 2600 948 2647 pacis
971 2609 1163 2648 tempore,
1188 2598 1254 2636 sibi
1270 2598 1484 2648 prospicere
1497 2597 1624 2640 debet,

78 2651 139 2691 sed
169 2652 370 2697 thesauris,
397 2656 582 2703 pecuniis,
599 2655 754 2704 opibus,
770 2656 914 2692 acviris
935 2655 1120 2702 quibella
1143 2667 1271 2704 gerere
1293 2655 1460 2704 possint:
1487 2654 1566 2691 haec
1589 2664 1625 2689 e-

79 2709 163 2744 nim
177 2721 342 2746 nervum
355 2710 636 2747 bellidicuutur
651 2709 770 2759 vulgo
784 2710 1027 2747 constituere.
1055 2710 1159 2747 Loca
1171 2711 1303 2753 etiam,
1320 2723 1404 2758 qua:
1418 2707 1627 2759 ingressum

79 2765 284 2813 provinciae
300 2766 505 2814 prohibere
526 2765 624 2802 hosti
639 2765 806 2815 poffunt,
819 2775 996 2814 tempore
1014 2767 1127 2814 pacis,
1147 2767 1292 2802 muniri
1305 2766 1431 2809 vallis,
1448 2764 1572 2805 fossis,
1587 2775 1624 2800 a-

78 2817 246 2869 quisc'1ue
258 2820 410 2859 debent:
466 2821 555 2859 Haec
586 2823 694 2859 enim
705 2823 772 2870 qui
783 2819 919 2869 differt,
934 2821 1063 2861 donce
1074 2821 1223 2869 bellum
1233 2820 1463 2869 oriatur‚fibi
1479 2822 1514 2857 &
1527 2829 1625 2855 tem-

1553 2885 1626 2923 pus
