1877 3277
220 300 267 326 ac
295 285 509 331 sceleratos,
527 286 703 331 coe'rcet,
722 284 852 336 abigit,
864 295 933 327 aut
954 282 977 324 ὲ
997 283 1131 326 medio
1152 285 1277 327 tollit:
1309 293 1352 323 ut
1378 284 1477 325 boni
1496 285 1535 325 et
1559 283 1671 334 probi
1692 285 1752 332 {ue

218 341 361 387 eunde,
385 354 430 381 ac
450 339 539 380 tuto
549 344 703 380 vivant:
738 342 811 379 Hic
822 344 929 379 enim
947 341 1042 380 finis
1056 343 1187 380 omnis
1208 340 1382 388 justiciae‚
1406 343 1444 379 δε
1468 349 1623 390 propter
1643 338 1753 380 hunc

218 411 326 449 teges
351 400 389 436 ὃ(
415 398 603 447 principes
622 396 645 434 ὲ
671 397 761 434 Deo
779 397 938 435 instituti
958 396 1058 434 sunt.
1111 396 1226 434 Nihil
1249 407 1449 446 propterea
1473 396 1598 445 magis
1617 394 1751 432 lauda-

219 456 251 493 ri
272 454 395 504 potest
422 454 463 491 in
485 454 682 502 principe,
705 450 829 500 quam
854 451 880 491 fi
908 452 1099 500 justiciam
1127 451 1286 502 diligat,
1316 451 1554 501 ipsequemet
1582 447 1751 488 studiose

219 507 481 552 administret,
503 517 570 545 aut
588 508 638 545 ab
660 506 758 554 alus,
782 506 808 544 fi
832 509 1045 556 periculum
1066 516 1189 552 vetet,
1209 507 1470 545 administrari
1492 515 1611 543 curet.
1630 533 1636 536 -
1664 504 1752 551 Ad,

219 563 453 602 ministrabit
474 561 577 612 ipse,
602 561 630 600 fi
659 563 783 600 cuivis
805 574 914 601 aures
938 564 1120 612 praebeat3
1143 562 1218 600 hac
1246 563 1354 601 enim
1383 561 1628 599 humanitate
1651 558 1751 597 nihil

219 618 371 669 aptiuS,
388 629 430 656 ut
453 616 696 658 subditorum
717 629 898 657 amorem
918 617 992 657 sibi,
1009 618 1218 661 conciliet,
1241 629 1286 654 ac
1314 617 1503 664 justiciam
1528 614 1748 656 conservet,

217 672 290 712 effe
311 674 450 723 potest3
469 675 522 711 ita
541 675 648 711 enim
668 684 915 721 quaecunque
935 675 976 711 in
995 685 1120 723 regno
1139 670 1277 721 injuste
1295 682 1504 722 geruntur,
1526 673 1565 709 ὅς
1584 671 1653 720 qui
1666 682 1750 707 ma-

220 729 270 775 li,
293 729 443 776 injusti,
475 740 520 766 ac
549 727 719 778 improbi
740 728 901 766 ministri
919 728 1011 772 fint,
1030 726 1144 765 facile
1174 728 1223 766 ab
1244 726 1328 777 ipso
1361 727 1600 776 deteguntur.
1671 724 1751 762 Vbi

220 785 419 834 improbi,
441 795 486 823 ac
507 786 616 822 auari
640 783 793 833 justiciae
811 783 996 833 praesunt,
1019 783 1073 820 ibi
1096 782 1242 822 venalis
1265 782 1318 821 est
1335 783 1481 831 justicia
1496 809 1507 826 ,
1533 781 1597 818 ibi>
1612 780 1748 829 viduae,

220 841 381 891 pupilli,
403 851 448 878 ac
470 839 595 889 quise
616 840 714 877 tueri
739 851 825 876 non
846 839 1023 888 possunt,
1046 839 1176 888 praedae
1198 837 1296 876 sunt.
1358 838 1438 876 Vbi
1461 837 1579 881 boni,
1604 835 1657 872 ibi
1676 833 1752 874 flou

220 906 279 935 tet
302 895 469 944 justicia,
493 907 540 933 ac
571 896 684 945 probi
713 892 934 943 miseraeq‘ue
963 893 1135 944 personae
1167 893 1362 938 secutam,
1385 895 1424 930 &
1455 891 1610 930 beatam
1633 891 1753 929 vitam

219 953 391 1002 degunt,
416 948 800 1002 principesc'1ue‚quia
827 949 998 988 sitierunt
1016 949 1233 998 justiciam,
1258 958 1440 988 aetemam
1470 945 1754 986 beatitudinem

221 1009 532 1061 consequuntur.

543 1116 774 1171 DEUS
849 1113 1417 1169 FORTITUDO

892 1211 1070 1249 ΜΕΑ.

374 1301 450 1340 Pro
470 1300 730 1351 Hietoglypto
755 1300 1016 1345 fortitudinis,
1041 1299 1109 1339 hic
1130 1301 1221 1339 Divi
1248 1299 1408 1349 Georgii
1446 1297 1569 1347 figura
1594 1296 1754 1335 exhibe-

219 1365 303 1402 tur,
326 1359 396 1406 qui
416 1357 489 1394 Dei
508 1356 712 1401 instinetu,
738 1355 898 1406 ejusc'lue
918 1356 1144 1396 fortitudine
1165 1357 1363 1398 munitus,
1391 1354 1616 1391 Draconem
1642 1354 1756 1391 illum

219 1412 470 1463 Anglicum,
497 1413 566 1461 qui
599 1412 733 1451 divam
771 1412 1060 1462 Margaretham
1087 1412 1341 1450 devoraturus
1373 1419 1474 1449 erat,
1496 1409 1699 1447 interfecit.

220 1468 501 1506 Fortitudinem
525 1469 566 1505 in
590 1465 626 1504 se
648 1465 825 1518 agnoscit
843 1467 993 1517 Mysta,
1026 1465 1197 1517 eamc'iue
1228 1478 1313 1505 non
1340 1463 1470 1508 suam,
1493 1463 1554 1502 sed
1580 1464 1755 1501 numinis

220 1522 315 1568 esse,
341 1521 401 1573 pie
433 1522 658 1573 profitetur,
682 1533 723 1561 ut
741 1523 889 1560 Esaias:
929 1523 967 1559 D
982 1523 1011 1560 E
1025 1523 1062 1561 V
1075 1523 1098 1560 S
1144 1534 1267 1567 meus,
1282 1520 1407 1560 fastus
1432 1520 1483 1557 est
1526 1521 1551 1557 F
1564 1520 1601 1557 O
1616 1521 1654 1556 R
1669 1520 1704 1556 T
1718 1519 1756 1556 1-

220 1579 258 1616 T
282 1579 320 1618 V
344 1580 381 1616 D
404 1579 443 1616 O
488 1579 534 1616 M
556 1579 586 1615 E
610 1577 662 1615 A:
729 1578 864 1616 Virtus
891 1580 1000 1617 enim
1022 1578 1074 1616 est
1105 1577 1321 1622 fortitudo,
1347 1588 1391 1614 ac
1413 1577 1531 1614 virtus
1565 1576 1698 1625 omnis
1731 1572 1754 1610 ὲ

218 1632 326 1672 Deo.
380 1631 457 1671 Hic
474 1643 606 1670 autem
619 1645 704 1671 non
723 1633 852 1672 solum
870 1633 1007 1671 bellica
1030 1633 1245 1678 fortitudo,
1267 1645 1346 1682 qua
1359 1630 1563 1673 victoriam
1585 1631 1662 1668 Dei
1685 1641 1754 1667 au-

219 1690 319 1729 xilio
340 1687 608 1738 adipiscimur,
631 1689 878 1740 intelligitur:
905 1690 978 1727 Sed
1007 1701 1066 1733 ea,
1083 1701 1162 1738 qua
1193 1690 1413 1731 mundum,
1436 1686 1676 1729 Sathanam,
1709 1697 1754 1722 0-

219 1742 412 1795 mniac'lue
432 1745 523 1782 vitia
547 1743 794 1793 superamus,
813 1756 936 1794 quam
961 1744 987 1782 fi
1012 1744 1088 1782 Dei
1110 1744 1303 1783 beneficio
1327 1743 1566 1786 obtinemus,
1590 1751 1676 1778 tum
1690 1752 1754 1779 ve-

218 1800 260 1839 re
287 1798 459 1852 profiteri
481 1797 687 1851 possumus
701 1828 712 1844 ,
734 1801 967 1845 nos,vires,
996 1801 1283 1845 valetudinem,
1303 1799 1480 1842 divitias,
1502 1797 1689 1840 honores,
1712 1807 1754 1832 o·

218 1867 288 1906 pes
306 1866 351 1893 ac
370 1854 527 1892 delicias
546 1864 799 1894 contemnere
812 1883 823 1900 ,
844 1853 983 1905 eadue,
996 1868 1082 1905 quae
1104 1856 1149 1903 ijs
1168 1856 1367 1893 contraria
1387 1852 1496 1898 sunt,
1522 1864 1595 1902 pro
1624 1852 1754 1889 nihilo

218 1911 481 1955 ducere,‘ncc
503 1910 768 1948 multitudinis
790 1912 1007 1960 opinione,
1030 1922 1102 1949 nec
1131 1910 1292 1955 dolore,
1320 1921 1390 1947 nec
1418 1917 1641 1959 paupertate
1672 1916 1742 1944 ter-

218 1965 327 2011 reri,
342 1965 414 2007 Sed
440 1976 527 2002 non
550 1964 681 2002 solum
700 1965 780 2004 haec
805 1967 945 2005 onmia
964 1976 1219 2004 contemnere
1250 1965 1335 2004 satis
1358 1964 1427 2002 est:
1463 1962 1598 2002 verum
1621 1964 1755 2000 omni—

220 2021 295 2060 bus
314 2021 445 2059 m'odis
469 2020 518 2057 ad
541 2021 721 2059 virtutem
743 2022 922 2065 tendere,
945 2031 988 2059 ut
1004 2021 1127 2060 fortes
1150 2021 1281 2065 fimus,
1300 2021 1500 2058 debemus:
1558 2019 1691 2067 Inquit
1714 2030 1755 2055 e-

220 2078 307 2115 nim
318 2075 562 2114 Ambrosius:
582 2077 625 2113 in
637 2076 794 2114 duobus
813 2077 1084 2115 fortitudinem
1098 2076 1263 2125 spectare
1285 2076 1419 2114 animi:
1478 2071 1612 2112 Primo
1636 2083 1677 2110 ut
1690 2084 1754 2111 ex-

218 2133 363 2170 teriora
387 2132 565 2179 corporis
578 2143 649 2180 pro
672 2133 848 2169 minimis
870 2131 1087 2170 habeamus
1101 2160 1112 2176 ,
1126 2134 1165 2171 δ(
1179 2131 1286 2181 quasi
1309 2129 1498 2180 superflua
1514 2157 1524 2173 ,
1544 2127 1754 2178 despicien-

218 2189 284 2231 da,
296 2187 420 2236 magis
432 2185 555 2235 quam
566 2187 781 2236 expetenda
799 2187 1003 2226 ducamus:
1059 2186 1256 2232 Secundo,
1272 2196 1314 2224 ut
1326 2197 1478 2235 ea‚quae
1490 2183 1642 2222 summa
1655 2182 1756 2229 sunt,

219 2239 440 2290 omnesc'lue
462 2253 536 2286 res,
553 2243 593 2279 in
605 2242 748 2290 quibus
768 2243 824 2282 est
843 2243 1041 2287 honestas,
1054 2244 1227 2292 praeelara
1245 2243 1368 2280 animi
1382 2242 1621 2284 intentione,
1635 2238 1755 2287 usque

221 2297 269 2336 ad
292 2296 474 2335 effestum
501 2296 792 2346 persequamur·
849 2298 924 2335 Dei
951 2302 1084 2347 itaque
1103 2299 1254 2337 auxilio
1271 2298 1405 2341 fortes,
1426 2296 1537 2333 nulla
1560 2295 1752 2344 pericula,

218 2353 353 2391 nullos
372 2353 526 2389 dolores
540 2380 551 2396 ,
578 2365 628 2391 ne
641 2364 810 2393 mortem
822 2354 982 2401 quidem
993 2352 1279 2391 extimescimus
1293 2376 1303 2393 ‚
1317 2365 1361 2390 ac
1375 2354 1427 2390 ita
1448 2352 1628 2388 animum
1643 2361 1753 2386 com-

217 2410 409 2458 ponimus
422 2405 661 2456 affectust'iue
673 2408 901 2454 domamus,
917 2418 959 2446 ut
977 2410 1017 2446 in
1031 2409 1187 2448 nullum
1212 2408 1341 2459 flagitij
1356 2406 1608 2457 genus,quod
1621 2405 1755 2442 Deum

217 2461 415 2506 offendat,
440 2464 672 2503 incidamus.
736 2464 826 2501 Haec
854 2476 943 2502 vera
976 2464 1027 2501 est
1048 2464 1266 2509 fortitudo,
1295 2475 1380 2512 quae
1413 2474 1499 2500 non
1528 2461 1672 2505 nostra,
1690 2459 1753 2497 sed

218 2517 296 2557 Dei
307 2518 371 2564 cst,
385 2520 424 2556 ὃς
437 2530 561 2568 quam
574 2517 682 2555 Deus
693 2529 758 2568 per
770 2531 847 2557 nos
858 2530 1020 2564 exercet,
1034 2529 1102 2557 aut
1121 2521 1202 2568 ejus
1216 2518 1410 2557 beneficio
1423 2527 1663 2557 exercemus·

603 2645 914 2720 uRGET
988 2645 1370 2719 MAJORA.

370 2750 470 2800 QIs
494 2748 569 2789 hac
594 2750 878 2800 Hierographia
902 2752 1272 2800 magnanimitatem
1292 2750 1409 2796 hujus
1422 2748 1597 2787 Herculis
1619 2759 1703 2785 non
1715 2759 1753 2784 a·

217 2804 384 2858 gnoscit,
397 2806 494 2844 dum
505 2806 687 2857 exemplo
708 2807 992 2844 Rhinocerotis
1012 2806 1047 2844 se
1059 2811 1212 2855 majora
1233 2817 1366 2857 urgere
1390 2804 1584 2855 Symbolo
1604 2802 1751 2841 asserit?

1497 2859 1751 2898 Rhinoceros
