1877 3277
69 251 221 289 vibinos
239 249 398 300 Ligures
418 249 595 288 adversus
628 258 809 288 externos
833 248 962 287 hostes
973 245 1192 291 defendere,
1217 260 1263 288 ae
1277 248 1431 289 securos
1456 200 1626 293 rugge.

66 304 230 358 poffunt:
287 307 343 343 Eo
357 307 463 342 enirn
485 306 576 343 loeo
590 303 655 342 sita
669 305 732 350 est,
744 304 863 355 utipfi
875 302 1055 342 Thusciae
1074 307 1360 358 propugnaculi
1381 308 1463 346 vice
1475 307 1539 355 fit,
1564 307 1622 355 ac.

67 361 293 401 invadentes
306 360 520 399 Thusciam
532 359 552 397 a
565 371 675 410 tergo
688 361 742 398 fit.

573 472 601 522 S
624 474 665 522 u
691 472 725 521 P
747 473 785 522 E
809 466 915 544 RJA
940 472 975 522 B
997 470 1063 522 o,
1118 457 1121 459 ’

215 579 269 616 Vt
288 579 445 617 adamas
466 578 695 616 fortitudine
708 607 718 622 ,
739 578 921 627 patientia
935 605 946 622 ,
963 578 1001 616 &
1017 578 1163 622 valore,
1177 579 1538 630 reliquasgemmas
1552 581 1619 629 su·>

65 635 237 685 peratzita
251 636 366 671 etiam
379 632 548 671 Cosmus
562 634 627 671 iste
641 646 808 684 magnus
823 633 1003 682 Hetrutie
1014 634 1105 671 Dux
1120 633 1332 684 significate
1345 637 1619 686 voluit,tribus‚

65 690 220 727 annulis
233 689 507 727 adamantibus
529 691 695 734 ornatis,
717 689 753 727 se
779 700 940 738 operam
954 688 1057 733 dare,
1071 700 1113 727 ut
1134 690 1233 727 alios
1255 703 1396 731 omnes
1416 694 1608 743 principes

64 745 301 787 fortitudine,
317 746 502 794 patientia
516 756 561 782 ac
575 743 803 788 valore‚hoc
816 744 879 788 est,
891 745 1038 789 virtute,
1056 743 1173 794 possit
1187 745 1371 795 superare.
1427 748 1608 798 Dignum

62 797 160 837 certe
170 811 282 837 tanto
297 802 464 849 principe
478 800 719 849 propositum
733 813 742 836 τ
799 801 999 837 Fortitudo
1010 802 1116 838 enim
1130 802 1256 838 virum
1270 814 1460 852 magnum
1473 805 1607 853 impri-

63 857 136 893 mis
157 855 285 894 decen
309 857 417 893 cuius
430 867 592 893 munera
609 857 794 905 ptaecipua
820 854 918 898 sunt,
941 857 1078 893 mortis
1098 854 1325 905 dolorist'iue
1347 861 1606 908 contemptio:

63 910 264 948 Robustus
288 912 393 948 enim
416 913 592 955 animus,
615 910 833 949 &excelsus
854 911 1032 948 omniest
1052 911 1144 948 liber
1166 923 1269 955 cura,
1290 914 1326 949 ἃ
1342 925 1500 962 angore,
1513 926 1608 953 cum

64 967 281 1003 &mortem
303 968 523 1003 contemnit
537 995 546 1009 ,
562 968 597 1003 ὅ(
626 967 672 1003 ad
686 967 843 1004 dolores
865 968 916 1004 ita
932 977 1084 1015 paratus
1100 967 1164 1009 cst,
1178 977 1219 1003 ut
1240 969 1459 1006 meminerit
1481 971 1607 1006 maxi·
1636 966 1637 969 ’

63 1021 288 1058 ιηοςΙωᾶὶυς
310 1032 436 1058 morte
468 1021 592 1059 finiti3
616 1033 752 1070 parvos
780 1022 902 1059 multa
926 1021 1500 1071 habereintervallanequieris
1523 1036 1605 1061 me-

61 1077 203 1114 diocris
236 1087 310 1113 nos
332 1075 402 1113 effe
425 1077 633 1113 dominos:
664 1087 704 1114 ut
727 1076 752 1114 fi
777 1077 1011 1114 tollerabiles
1028 1076 1119 1121 sint,
1153 1077 1347 1115 feramus:
1380 1077 1432 1116 sin
1448 1080 1605 1124 minus,

62 1143 173 1179 aequo
198 1133 334 1169 animo
357 1128 377 1168 ὲ
401 1133 475 1169 vita
490 1159 500 1175 ,
522 1143 614 1169 cum
644 1144 687 1169 ea
704 1143 786 1169 non
802 1133 980 1181 placeant
996 1160 1004 1174 ,
1029 1142 1221 1180 tanquam
1245 1144 1290 1170 ex
1312 1133 1467 1172 theatro
1490 1146 1606 1172 exea·

61 1199 161 1225 mus.
220 1188 405 1225 Patientia
431 1186 650 1224 fortitudini
681 1186 760 1224 tam
774 1186 1061 1236 similis‚quc¹ttn
1083 1187 1243 1226 adamas
1268 1188 1480 1226 adamanti:
1538 1190 1606 1228 Vi-

62 1253 107 1279 ro
127 1242 233 1279 enim
256 1242 347 1279 forti
369 1240 520 1279 adversa
536 1244 721 1292 patienter
730 1243 840 1287 ferre,
854 1244 944 1280 utile
955 1243 1018 1280 est.
1074 1242 1252 1289 cuiusvis
1266 1245 1373 1281 enim
1384 1244 1534 1282 doloris
1550 1257 1605 1283 re·

62 1298 235 1335 medium
257 1298 308 1334 est
331 1299 533 1346 patientia:
568 1297 666 1335 feras
695 1310 779 1336 non
797 1299 949 1348 culpes,
975 1297 1082 1345 quod
1114 1301 1221 1336 vitari
1245 1310 1328 1335 non
1351 1300 1482 1348 potest.
1523 1301 1604 1338 Va·

62 1353 132 1392 lor,
147 1351 208 1389 seu
223 1353 466 1390 'existimatio
489 1354 542 1389 ob
561 1354 717 1390 virtutes
731 1381 741 1397 ,
755 1351 958 1403 animidue
978 1354 1087 1390 dotes
1111 1354 1215 1402 sequi
1234 1354 1438 1392 hominem
1466 1354 1575 1393 solet.

61 1409 112 1445 Ea
134 1407 322 1456 liquidem
345 1418 480 1445 natura
501 1407 552 1445 est
580 1410 748 1452 virtutis,
782 1419 824 1445 ut
842 1412 1033 1457 ¹quemvis
1058 1410 1098 1447 in
1120 1408 1174 1446 sui
1205 1410 1508 1448 admirationem
1531 1420 1605 1450 tra·

60 1462 139 1507 hat,
152 1465 285 1513 magni
308 1462 387 1506 fiat,
404 1465 441 1501 ὅ(
465 1463 627 1501 colatur.
693 1462 815 1502 Porro
838 1459 975 1502 ‘annuli
1005 1464 1278 1502 adamantibus
1307 1467 1436 1504 ornati
1459 1465 1493 1503 se
1515 1478 1603 1503 mu-

59 1516 130 1556 tuo
159 1518 494 1567 complectuntur,
519 1531 564 1555 ac
588 1521 745 1557 virtutes
771 1519 839 1557 has
874 1521 926 1558 ita
955 1520 1107 1567 junctas
1134 1521 1333 1565 indicant,
1376 1531 1418 1558 ut
1442 1520 1608 1570 separati

59 1586 140 1612 non
166 1573 322 1623 possint.
399 1573 634 1612 Adamantis
648 1572 740 1612 vero
753 1575 955 1619 fortitudo,
969 1587 1046 1623 qua
1059 1587 1197 1612 omnes
1209 1576 1354 1624 lapides
1367 1578 1404 1613 &
1427 1587 1605 1625 gemmas

57 1640 173 1667 terere
195 1629 337 1678 potest,
372 1641 418 1667 ac
439 1631 623 1679 patientia
645 1641 736 1678 qua,
770 1632 848 1680 igni
879 1642 924 1668 ac
951 1630 1054 1667 ferro
1083 1629 1234 1673 resistit,
1250 1629 1507 1681 dignitasc'me,
1523 1643 1604 1680 qua

57 1685 223 1732 reliquas
247 1697 423 1734 gemmas
446 1685 578 1723 valore
601 1687 638 1722 ἃ
658 1685 910 1724 aestimationc
933 1685 1101 1734 superat,
1126 1687 1246 1723 cuivis
1279 1697 1372 1724 nota
1394 1687 1467 1728 est5
1492 1688 1548 1725 lta
1563 1696 1604 1726 ut

59 1738 157 1780 teste
177 1740 336 1778 obscura
359 1740 439 1778 haec
463 1741 744 1790 Hierographia
768 1741 847 1779 hoc
867 1742 992 1779 modo
1014 1740 1195 1791 explicari
1217 1740 1349 1791 possit.

423 1851 821 1904 FESTINA
897 1853 1221 1904 LENTE.

210 1945 295 1983 lam
317 1945 524 1993 aliquoties
547 1945 782 1995 Symbolum
817 1944 913 1982 istud
945 1945 1225 1993 quotidianum
1254 1944 1455 1993 repetitur:
1510 1941 1536 1979 12
1557 1939 1601 1977 Ε·

59 2001 82 2036 5
104 2000 140 2036 Τ
161 2000 177 2037 1
201 2002 239 2038 N
263 2000 300 2037 A
358 2001 391 2037 L
415 2001 441 2037 E
464 2001 500 2037 N
524 2001 560 2037 T
584 2002 634 2044 E,
683 2001 815 2038 verum
833 2001 906 2037 alia
931 1999 1146 2050 sculptura;
1173 2000 1235 2037 hic
1260 2002 1367 2036 enim
1394 1996 1602 2045 delphinus

58 2058 155 2092 circa
178 2056 416 2098 anchoram,
442 2056 479 2092 &
503 2068 657 2092 remum
679 2068 828 2105 repens,
857 2066 924 2092 aut
948 2067 1087 2092 natans
1107 2056 1282 2093 cernitur.
1357 2052 1603 2102 Delphinus,

59 2111 189 2148 Plinio
207 2111 307 2152 teste,
335 2110 623 2148 velocissimum
646 2113 828 2148 omnium
850 2112 1083 2148 animalium
1099 2138 1109 2153 ‚
1135 2122 1256 2160 ocyor
1276 2108 1448 2152 volucre,
1464 2119 1603 2157 ocyor,

57 2166 149 2209 telo,
174 2178 218 2202 ac
244 2165 312 2204 nisi
335 2167 505 2203 multum
528 2165 629 2203 infra
656 2166 820 2204 rostrum
842 2178 886 2202 os
907 2166 963 2202 illi
985 2166 1086 2203 foret
1111 2166 1243 2202 medio
1268 2161 1364 2213 pene
1383 2165 1421 2200 in
1450 2172 1603 2206 ventre,

59 2221 189 2259 nullus
212 2220 372 2270 piscium
408 2221 642 2258 celeritatem
659 2225 750 2267 ejus
780 2222 964 2259 evaderet.
1039 2220 1305 2257 festinationis
1325 2221 1454 2267 itaque
1485 2218 1601 2255 index

57 2277 287 2325 delphinus,
313 2273 484 2325 eumc'lue
506 2274 607 2317 lente
638 2275 817 2314 festinare
837 2304 847 2320 ‚
872 2276 987 2313 docet
1013 2278 1110 2313 circa
1143 2276 1358 2312 anchoram
1381 2274 1604 2316 revolutio,

57 2344 143 2381 quae
172 2332 405 2369 celeritatem
419 2332 564 2368 lentam
586 2331 689 2375 facit,
715 2333 752 2369 ὃς
778 2343 917 2375 remus,
933 2333 1001 2379 qui
1020 2340 1306 2374 remoram,aut
1327 2329 1353 2367 fi
1377 2331 1499 2366 mavis
1514 2340 1604 2365 mo·

57 2399 139 2425 ram
160 2387 316 2424 indicat.
359 2386 545 2424 Diximus
568 2397 679 2424 antea
704 2387 906 2436 prudentes
930 2397 998 2423 cos
1017 2385 1086 2423 ess'c
1105 2387 1290 2434 principes
1305 2413 1314 2427 ‚
1336 2386 1403 2432 qui
1423 2384 1603 2421 festinan-

56 2453 110 2480 ter
131 2444 169 2479 &
199 2439 301 2478 lente
333 2443 494 2491 negocia
520 2453 664 2490 magna
694 2451 840 2491 gerunt.
908 2442 998 2478 Hoc
1020 2442 1082 2484 est,
1108 2443 1175 2488 qui
1199 2441 1509 2477 mediocritatem
1530 2439 1602 2476 ser·

58 2508 173 2535 vant:
201 2497 352 2534 oblatas
366 2495 590 2533 occasiones
605 2508 689 2534 non
704 2497 918 2546 negligunt,
933 2509 978 2533 ac
989 2497 1086 2533 nihil
1098 2495 1175 2533 fine
1186 2495 1351 2532 confilio
1373 2495 1604 2544 aggrediun-

56 2563 131 2590 tur.
185 2553 293 2590 Nam
317 2553 356 2588 in
371 2551 482 2589 rebus
498 2554 649 2600 magnis
664 2550 1067 2602 ntemoriac‘guedignis
1078 2579 1089 2597 ‚
1103 2550 1266 2589 consilia
1286 2549 1459 2600 primum
1470 2578 1481 2594 ,
1496 2550 1603 2587 dein-

56 2606 105 2647 de
116 2607 213 2652 asta,
226 2607 357 2656 postea
381 2617 541 2645 eventus
555 2606 782 2656 spectantur.

416 2717 840 2769 HETRURIA
918 2716 1250 2768 PACATA.

209 2813 316 2866 Qid
340 2813 541 2863 praestiterit
565 2823 734 2862 magnus
759 2812 850 2848 Dux
878 2810 1047 2849 Cosmus
1095 2812 1132 2850 H
1145 2812 1174 2850 E
1186 2813 1223 2850 T
1235 2814 1274 2850 R
1287 2812 1325 2851 V
1341 2814 1377 2850 R
1393 2812 1411 2850 1
1426 2809 1605 2902 ἓΑῙΞ-ιῖ
