1877 3277
1542 102 1573 148 8
1599 121 1616 140 ι

112 162 266 213 gravius
278 161 419 198 dicam.
453 159 561 198 Nam
574 170 645 198 nec
655 161 716 206 jus
737 170 810 196 nec
823 157 881 196 fas
896 157 947 196 est
960 158 1201 208 Principibus
1214 160 1464 201 malediceres
1488 106 1618 200 faceie

111 214 203 255 curn
218 213 359 266 poffint
379 212 506 260 male,
519 217 557 253 δε
579 216 713 252 leviter
732 215 833 252 dieta
845 215 1010 264 graviter
1031 217 1182 263 punire.
1216 216 1306 253 Hoc
1328 217 1450 253 dicere
1473 217 1611 258 ausim,

110 272 221 322 quod
234 273 327 321 quia
341 282 410 321 pro
422 270 605 308 tribunali
615 269 903 314 fedet‚induerit
916 268 1122 320 personam
1136 271 1285 317 judicis.
1360 273 1443 310 Fuit
1456 273 1619 321 quidem

113 326 339 375 usurpatum
353 325 477 375 priscis
491 327 677 376 Regibus,
689 329 747 373 jus
761 326 886 363 dicere
899 327 936 363 ὅ(
952 337 1035 362 non
1048 327 1187 373 injuria
1202 339 1210 362 :
1233 325 1321 364 sunt
1335 328 1453 368 enim,
1466 328 1619 374 justiciae

111 381 226 420 causa
239 381 410 420 instituti.
466 380 604 419 Visum
629 381 786 430 posteris
798 381 848 418 est
860 386 879 424 ‚⁶
890 381 1033 428 judices
1048 383 1085 418 ὅ(
1103 392 1389 431 recuperatores
1401 383 1504 422 dare.
1521 395 1570 419 ne
1583 383 1620 420 se

111 447 320 477 onerarent
331 437 494 485 negotijs
507 438 762 486 privatorum,
773 437 842 484 qui
860 434 1015 474 summa
1026 437 1136 486 Reip.
1153 448 1381 486 gravantur:
1397 440 1434 476 ὅ(
1448 448 1491 476 ut
1507 437 1542 475 se
1554 451 1621 476 ex-

107 494 296 544 plicarent
306 492 466 536 invidia,
481 493 722 540 querelisque
732 491 1005 528 multitudinis.
1063 493 1121 530 Ita
1133 493 1181 529 ad
1196 492 1312 542 ipsos,
1326 493 1374 531 fic
1388 495 1495 530 enim
1508 493 1622 542 jusse-

111 558 410 597 runt,tanquam
423 547 469 584 ad
483 547 591 584 Deos
605 549 645 585 in
658 549 760 583 terris
776 557 1028 595 provocatur.
1058 549 1162 585 Inter
1174 548 1316 597 priscos
1331 550 1471 598 Reges,
1482 562 1620 599 regna-

113 606 168 643 vit
178 605 218 641 in
234 603 345 641 Creta
358 603 509 647 Minos,
524 603 610 650 justi
622 612 737 640 tenax
752 615 829 650 qua
841 602 993 649 justiciae
1006 602 1114 640 fama
1126 606 1271 653 regiam
1288 605 1556 650 judicandum
1570 605 1622 642 est

113 659 192 697 fine
205 658 734 708 provocatione,potestatem
747 658 851 706 apud
866 658 1080 700 Infcr0s‚ut
1092 661 1133 696 in
1146 659 1289 696 fabulis
1305 660 1558 703 cst‚0btinuit.
1578 661 1625 697 Et
1650 697 1653 699 .

113 714 141 753 fi
154 714 296 752 Minoa
309 712 456 763 Vlyffes
472 714 575 762 apud
589 714 831 757 Homerum,
848 710 971 761 probe
992 714 1187 754 delineats
1210 715 1277 752 hic
1301 715 1403 763 ipsus
1426 716 1478 753 est
1501 727 1622 763 quem

112 769 281 818 sculptor
295 770 410 807 nobis
432 767 679 818 repraesentat.
736 770 794 806 Ita
806 766 924 818 digne
947 767 1383 821 personamincorrupti
1408 772 1622 821 judicis-ex-

112 824 256 876 pressit.
310 824 517 862 Accedunt
530 824 642 873 pullae
653 824 778 868 restes,
796 823 971 862 severitas
985 825 1117 862 vultus
1138 827 1175 862 ὅ(
1190 827 1326 862 titulus
1339 826 1470 875 de11ir33
1485 829 1624 863 inexo-

102 876 255 919 rabilis.
289 879 428 930 Apage
439 880 538 917 mihi
550 891 640 916 cum
654 880 724 917 isto
735 879 809 917 five
823 881 943 929 Rege,
959 877 1033 917 five
1047 880 1190 917 Iudice.
1227 881 1402 918 Primum
1425 884 1531 919 enim
1554 894 1626 918 nec

112 936 379 980 amistus,nec
401 936 511 972 locus
535 936 701 984 placent.
733 933 886 972 Deinde
906 935 1110 972 clementia
1133 936 1183 972 est
1204 948 1290 984 quae
1310 939 1444 973 eximit
1471 935 1490 974 ὲ
1512 949 1626 986 grege

112 991 344 1031 mortalium
359 992 498 1041 Reges,
515 993 552 1027 ὅ(
566 991 687 1027 reddit
700 991 956 1030 immortales.
1014 991 1075 1028 Est
1093 992 1160 1028 ita.
1185 990 1247 1028 sed
1262 1002 1303 1030 ut
1316 993 1482 1030 aetionis
1495 994 1627 1029 termi-

114 1059 190 1087 nus
211 1046 264 1084 est
286 1058 392 1083 mors
406 1058 417 1086 3
450 1047 502 1083 ita
524 1045 738 1082 secundum
771 1056 942 1083 mortem
973 1056 1039 1082 aut
1065 1047 1276 1096 irroganda
1305 1057 1443 1086 aeterna
1476 1048 1628 1085 mult'ta

114 1103 193 1147 est,
214 1111 281 1140 aut
299 1103 455 1150 praemia
488 1101 729 1139 conferenda
760 1101 1004 1150 sempiterna.
1075 1102 1165 1139 Hoc
1188 1114 1238 1142 ex,
1263 1104 1431 1151 ratione}
1457 1104 1627 1152 college-

110 1170 151 1196 re
166 1157 375 1207 quondam
389 1185 400 1201 ,
424 1158 494 1194 viri
523 1158 676 1193 ratione
698 1158 840 1205 praediti
854 1185 864 1201 ‚
890 1158 926 1193 id
941 1158 991 1193 cst
1014 1158 1084 1194 viri
1100 1155 1186 1194 vere
1200 1160 1290 1196 viri:
1312 1161 1351 1196 ὃς
1374 1157 1443 1195 sub
1458 1158 1626 1208 persona

112 1213 313 1257 Hominis,
329 1212 515 1250 exhibent
526 1213 739 1249 vindistam
752 1213 842 1249 Dei.
866 1212 994 1262 Mysta
1017 1210 1107 1249 vero
1130 1213 1268 1258 noster,
1284 1214 1333 1251 ad
1354 1213 1628 1251 confirmatio-

97 1269 205 1307 ’nem
216 1269 295 1305 Veri
310 1267 452 1305 Iudicis
469 1269 507 1305 ὅ(
519 1269 639 1317 Regis
654 1269 839 1306 vivorum
853 1280 898 1305 ac
918 1278 1172 1305 mortuorum
1187 1297 1197 1314 ,
1220 1270 1430 1306 Poetarum
1453 1269 1630 1306 sententi-

95 1321 194 1369 “am‚
209 1324 397 1362 omnium
407 1322 600 1370 sententijs
621 1323 925 1372 comprobatam
948 1324 1125 1360 adhibet:
1150 1327 1188 1362 ὅ(
1211 1325 1340 1372 judicij
1358 1353 1368 1368 ,
1395 1326 1532 1373 inquo
1559 1336 1632 1362 nec

111 1382 241 1431 gratiae
253 1381 415 1424 erit,nec
434 1379 832 1428 deprecationilocus,
847 1389 1031 1417 terrorem
1044 1381 1180 1417 incutit
1201 1381 1429 1429 praefracti&
1456 1391 1498 1418 ut
1515 1382 1629 1418 mites

100 1436 271 1486 'animos
283 1433 525 1477 consol-atur,
539 1447 618 1483 qna
632 1433 699 1472 hic
708 1435 978 1480 destituuntur,
995 1434 1057 1484 spe
1068 1437 1419 1474 remunerationis.

419 1546 513 1594 VI.
588 1544 1326 1597 HIEROGRAPHIA.

204 1648 280 1687 Hic
292 1661 435 1698 magna
449 1661 577 1686 rerum
591 1651 778 1686 omnium
793 1648 953 1686 felicitas
966 1678 975 1693 ‚
988 1651 1118 1698 copia,
1135 1650 1302 1686 ubertas.
1334 1649 1426 1686 festa
1439 1651 1477 1686 δε
1490 1651 1572 1686 laeta
1588 1661 1632 1685 o-

115 1707 235 1743 mnia.
270 1703 406 1742 saliens
439 1704 693 1754 Crystallinus
708 1705 815 1748 fons,
827 1715 1035 1742 manantes
1048 1706 1145 1742 lacte
1159 1706 1487 1748 rivi,cxundantes
1502 1705 1633 1742 necta-

116 1774 156 1798 re
175 1762 280 1808 fluvij
298 1789 307 1804 ,
323 1761 483 1797 frondes
509 1760 701 1797 ambrosia
726 1761 923 1797 stillantes.
983 1763 1075 1798 Nox
1092 1761 1301 1804 nulla,dies
1315 1764 1507 1810 perennis.
1564 1761 1635 1797 Sol

116 1829 325 1865 nunquam
338 1817 544 1853 occidens:
570 1817 666 1852 mali
677 1815 776 1852 nihil
793 1818 934 1853 oriens.
975 1818 1127 1854 Omnia
1143 1817 1347 1853 alacritatis
1368 1817 1497 1865 plena.
1532 1816 1634 1853 Nul-

117 1873 200 1911 lum
214 1873 363 1909 doloris
382 1871 547 1920 signum.
603 1872 770 1908 Breviter
782 1872 906 1909 multa
920 1872 1062 1916 dicam,
1123 1872 1205 1909 Aut
1219 1872 1303 1917 Dijs
1320 1872 1430 1913 sacer,
1445 1882 1510 1909 aut
1525 1871 1634 1907 Deo-

113 1941 201 1966 rum
215 1928 627 1964 immortaliumlocus
643 1927 706 1963 est.
764 1929 980 1965 Neminem
991 1928 1174 1965 videmus
1187 1928 1361 1976 quidem.
1406 1928 1479 1964 Sed
1505 1926 1529 1962 fi
1550 1939 1635 1964 ma-

116 1983 304 2034 gnificam
318 1983 611 2027 domumaceto
621 1982 978 2027 sublimcnffabrica
990 1995 1114 2020 cetera
1126 1983 1634 2033 insignem,instrcdtrernur.

115 2041 204 2077 licet
230 2051 301 2075 nec
323 2038 655 2086 patremfamilias,
673 2051 743 2074 nec
757 2039 953 2075 familiam
967 2040 1207 2077 videremusz
1235 2039 1473 2075 crederemus
1502 2048 1637 2074 tamen

117 2107 219 2137 eam,
236 2106 306 2131 nec
318 2095 466 2130 araneis
491 2105 562 2129 nec
574 2093 735 2142 gliribus
750 2093 978 2131 aedificatam
990 2124 1000 2139 ,
1015 2097 1052 2132 &
1069 2107 1118 2131 eo
1132 2095 1270 2131 ordine
1290 2106 1333 2130 ac
1346 2094 1532 2143 dignitate
1548 2092 1632 2129 sub-

118 2151 325 2188 struf‘tams
358 2151 409 2186 ita
433 2161 504 2185 nec
528 2149 688 2185 aviculis
720 2150 807 2185 licet
820 2153 974 2186 canoris
990 2178 1000 2193 ,
1024 2162 1095 2186 nec
1108 2150 1195 2186 feris
1221 2150 1307 2186 licet
1322 2150 1632 2195 cicuribus‚‹quaS

119 2208 294 2246 videmus
309 2207 345 2242 ὃ(
361 2205 671 2249 audimus,locus
685 2205 748 2241 hic
763 2205 896 2242 stratus
908 2206 1098 2254 gramine,
1113 2204 1337 2253 conspersus
1353 2204 1527 2247 floribus,
1538 2216 1630 2240 con-

119 2263 206 2300 fitus
219 2261 436 2303 arboribus,
450 2260 672 2297 redundans
696 2260 872 2309 frugibus
895 2260 957 2298 est.
1015 2262 1059 2297 Et
1072 2273 1157 2298 non
1179 2261 1354 2297 videmus
1376 2260 1454 2296 loci
1470 2260 1637 2300 incolas.

120 2331 204 2356 non
234 2317 343 2365 quod
378 2316 479 2352 nulli
502 2315 591 2355 [ints
616 2315 675 2352 sed
698 2316 810 2365 quod
844 2316 1027 2353 mortales
1058 2328 1143 2352 non
1178 2316 1358 2353 videmus
1379 2315 1636 2352 immortales.

120 2375 320 2412 Lucianus
343 2372 502 2419 quidem
523 2371 602 2408 hoc
622 2372 714 2408 loco
729 2400 739 2415 ,
766 2371 803 2407 id
826 2372 897 2415 est,
912 2373 952 2409 in
979 2373 1127 2420 campis
1140 2371 1271 2423 Elyfijs
1287 2399 1296 2416 ,
1312 2372 1495 2408 homines
1510 2370 1635 2408 collo-

117 2440 190 2472 cat,
206 2441 291 2465 non
307 2427 490 2464 homines
507 2455 516 2471 ,
533 2427 644 2469 idest,
660 2426 728 2463 sub
745 2427 875 2463 forma
902 2427 1094 2472 hominis,
1111 2428 1270 2464 umbras
1292 2427 1522 2463 hominum.
1539 2439 1638 2474 qua-

118 2488 171 2524 les
193 2485 274 2522 vult
299 2483 409 2519 Deos
442 2483 730 2531 Epicurus,qui
754 2483 914 2530 quidem
935 2495 1076 2530 corpus
1098 2495 1184 2521 non
1208 2483 1381 2520 habeant
1396 2510 1405 2525 ,
1435 2481 1497 2519 sed
1527 2481 1635 2530 quasi

117 2552 258 2589 corpus
275 2551 360 2575 non
373 2550 531 2574 carnem
546 2537 607 2575 sed
620 2537 726 2587 quasi
741 2550 909 2574 carnem:
941 2550 1025 2575 non
1045 2538 1135 2581 offa,
1151 2538 1208 2576 sed
1224 2537 1331 2587 quasi
1348 2536 1439 2574 offa.
1462 2540 1499 2574 δε
1529 2535 1638 2585 quali

118 2611 161 2634 ea
175 2596 417 2642 omnia,quae
432 2606 505 2629 nos
527 2605 691 2643 corpore
717 2595 900 2630 induunt.
956 2595 1046 2630 Haec
1071 2593 1095 2629 fi
1108 2594 1176 2631 sub
1197 2595 1348 2631 tastum
1367 2605 1454 2629 non
1476 2593 1636 2635 cadunt,

118 2651 329 2699 quomodo
345 2649 413 2686 sub
438 2648 588 2686 visum?
612 2648 763 2686 ficolor
779 2650 829 2686 est
844 2650 1034 2686 terminus
1061 2649 1214 2699 figurae?
1241 2648 1426 2686 offerunt
1449 2648 1483 2685 se
1504 2648 1637 2690 Genii,

120 2709 233 2746 sedin
246 2719 410 2755 corpore
423 2734 433 2748 ,
450 2714 522 2747 autv
536 2703 657 2753 specie
680 2707 867 2753 corporis.
912 2706 1014 2741 Inter
1029 2705 1139 2753 seipsi
1158 2718 1227 2742 nec
1240 2716 1414 2754 corpore,
1432 2716 1502 2740 nec
1519 2702 1638 2751 specie

118 2765 302 2813 indigent:
328 2759 413 2798 imo
428 2770 589 2798 utinens
603 2761 730 2798 nostra
744 2761 845 2798 nihil
858 2760 1002 2810 syncel-i
1016 2762 1105 2809 agit,
1127 2761 1196 2797 nisi
1209 2760 1229 2797 a
1246 2761 1420 2809 corporis
1435 2770 1626 2796 commer-⁴

1519 2825 1583 2849 cro
1596 2825 1636 2849 in
