1877 3277
214 123 303 172 68.

215 186 336 228 labra,
358 180 506 220 stamen
517 190 636 218 tenue
661 179 700 217 &
722 188 918 216 croceum.
990 176 1051 215 Est
1074 178 1112 215 &
1135 177 1275 215 rubens
1302 177 1430 215 lilium
1453 180 1549 226 quin
1572 181 1609 216 &
1632 189 1717 227 put·

214 251 394 292 pureum.
419 250 469 275 ne
492 236 583 274 rosis
611 235 746 275 colore
767 234 918 271 cedant.
983 231 1192 271 Narcisum
1204 243 1348 271 vocant
1372 236 1530 281 majoris
1552 262 1562 278 ‚
1586 233 1648 271 sed
1674 245 1718 271 u·

214 297 304 334 nius
316 294 436 332 bulbi.
494 293 551 331 Ita
563 290 802 340 quaeclam‚ut
813 288 881 326 nifi
894 286 1091 332 sumus‚de
1104 289 1212 334 Lilijs
1224 300 1309 336 quae
1320 289 1444 326 oculis
1457 299 1586 339 patent
1597 317 1606 333 ‚
1623 300 1720 326 con-

214 351 475 390 fideravimus.
530 347 728 384 Penitiora
749 345 930 389 Naturae,
951 346 989 382 &
1003 344 1204 383 devinctus
1227 343 1336 381 insita
1350 372 1360 388 ,
1375 346 1521 393 promit
1534 344 1719 381 Galenus.

214 407 277 446 Ac
290 405 464 455 quidem,
476 402 572 451 quid
587 402 744 439 Natutae
757 402 794 437 ὅ(
806 399 979 448 paetium
996 398 1255 436 consideratio
1268 427 1278 443 ‚
1295 400 1344 436 ad
1357 411 1438 436 rem
1449 399 1590 444 afferat,
1607 411 1716 448 cepe-

213 474 298 501 ram
312 461 449 498 dicere.
523 458 621 506 Qae
640 455 752 504 quod
775 455 965 505 genedea,
988 457 1026 492 &
1040 455 1089 491 ab
1102 455 1364 498 omnia‚ratio
1381 458 1574 504 pertineats
1586 455 1718 503 explo-

215 528 346 556 remus
361 524 571 561 nunc‚quae
584 510 786 560 peculiaris
799 508 931 547 causs'ae
944 509 985 546 sit
997 510 1100 547 Lilia
1114 522 1227 560 agros
1240 510 1428 554 decentia,
1444 510 1717 559 contemplan-

214 573 267 610 di.
326 568 539 607 Oblectant
551 566 705 609 oculos,
719 567 757 603 δε
773 564 934 614 profuso
945 565 1196 609 odore‚nares
1208 576 1368 614 quoque
1381 566 1615 603 demulcent.
1646 565 1719 602 Sed

212 627 312 664 dum
324 623 451 663 sensus
464 623 644 666 titillant,
660 633 744 670 quo
770 619 877 657 sensu
889 621 937 657 ad
957 622 1138 658 animum
1156 620 1379 658 transeunt?
1411 623 1599 658 Numinis
1621 632 1720 658 reve-

213 683 337 720 rentia
351 678 536 730 perfusos.
559 676 756 725 desperare
770 685 901 714 vetant
913 687 1057 724 egenos
1071 691 1078 713 ;
1093 677 1284 713 luxuriare
1294 676 1443 713 divites.
1498 678 1607 714 Nam
1629 688 1721 713 cum

212 738 414 777 Liliorum
425 735 577 772 divitias
590 733 764 780 adaequet
775 732 909 769 labore
922 743 1043 768 nemo
1055 743 1065 770 ;
1089 732 1183 782 quid
1201 731 1242 768 hi
1255 731 1289 768 se
1302 730 1458 768 efferent
1473 734 1484 769 Ξ
1497 742 1564 768 aut
1578 731 1634 768 isti
1649 733 1720 769 im-

213 788 415 832 moderate
431 789 554 826 ferent
567 788 798 826 fortunam?
822 799 942 835 quam
962 796 1098 835 potens
1118 799 1247 823 rerum
1269 787 1457 824 dominus
1483 785 1610 824 subito
1632 799 1719 824 mu.

212 858 306 891 tate,
320 849 359 884 ὃς
371 846 421 884 ab
444 845 503 882 his
525 844 573 881 ad
587 844 674 880 illos
686 842 889 879 transferre
913 842 1034 890 potest
1049 844 1060 878 ἒ
1075 854 1146 879 nec
1169 841 1259 879 raro
1272 841 1381 879 solet?
1403 843 1598 891 Magnum
1611 844 1648 880 ὅ(
1660 843 1716 880 di-

213 904 279 941 au
293 903 419 940 manis
433 903 471 937 in
488 910 656 947 utramq3
669 907 829 947 partem,
845 898 891 935 ad
914 896 1265 935 confirmationem
1278 899 1414 944 animi,
1431 908 1538 938 nunc
1548 899 1720 937 nimium

211 959 416 1009 torpentis,
434 967 540 996 nunc
552 956 690 1008 pariter
700 952 841 999 lascivi,
854 963 1119 992 momentum.

543 1083 648 1137 XC.
721 1081 1439 1133 HIEROGRAPHIA.'

325 1187 389 1225 uid
404 1187 442 1223 in
469 1195 643 1222 mentem
663 1185 808 1222 venerit
831 1184 960 1221 Plinio
975 1213 984 1228 ‚
1000 1185 1036 1221 ὃς
1052 1185 1119 1232 qui
1134 1183 1242 1222 hunc
1255 1184 1404 1223 secutus
1417 1185 1480 1230 est,
1500 1184 1671 1229 Caleno,
1684 1193 1725 1221 ut

216 1241 422 1283 scr'bcrent
435 1243 673 1290 Viperarum
685 1240 925 1289 catulos,per
949 1240 1081 1276 matris
1096 1239 1233 1278 viscera
1257 1243 1297 1277 in
1312 1240 1461 1278 Lucem
1484 1242 1598 1279 eniti;
1623 1241 1723 1277 Mat-

210 1299 360 1337 t'niolus
382 1298 572 1346 comperit
585 1295 653 1333 usu
677 1296 874 1333 veritatem
887 1323 897 1338 ‚
920 1297 958 1332 ὅ(
970 1295 1136 1339 catulos,
1157 1308 1248 1332 cum
1262 1298 1438 1345 praeclara
1452 1297 1655 1346 genetrice,
1667 1297 1722 1333 in·

211 1355 391 1393 columes
412 1352 687 1401 depraehendit.
726 1351 1068 1399 quemadmodum
1089 1347 1179 1408 eante
1211 1350 1442 1400 Apolonius
1473 1353 1673 1402 Tyaneus.

209 1412 294 1448 Nec
310 1408 533 1446 Aristoteles
554 1407 679 1445 scribit
697 1406 837 1444 viscera
851 1406 1064 1455 perrodere,
1077 1399 1136 1443 sed
1151 1407 1427 1445 membranam
1446 1419 1524 1455 qua
1547 1409 1588 1444 in
1612 1417 1724 1444 utero

209 1466 342 1503 mattis
357 1464 640 1508 obvolvuntur,
649 1473 692 1500 ur
706 1463 816 1499 citius
829 1464 868 1498 in
883 1462 1009 1498 lucem
1024 1462 1239 1511 prodeant:
1265 1463 1329 1500 illa
1345 1465 1452 1500 enim
1466 1462 1638 1513 singulos
1649 1461 1722 1499 fin-

209 1521 310 1571 gulis
323 1520 460 1557 diebus
475 1521 585 1567 parit.
658 1519 858 1568 vulgatam
873 1516 1053 1554 fabulam
1075 1516 1223 1554 secutus
1236 1518 1286 1555 est
1312 1519 1454 1569 Mysta,
1469 1518 1578 1567 quod
1601 1518 1724 1567 vulgo

209 1578 248 1614 ὅ(
262 1576 372 1624 scene
389 1574 537 1617 serviat,
552 1574 703 1612 volenti
715 1575 838 1623 magis
854 1584 972 1616 nova,
987 1584 1109 1621 quam
1125 1573 1233 1610 bona
1249 1588 1257 1610 ;
1283 1575 1432 1612 amanti
1451 1576 1582 1611 minus
1605 1585 1692 1611 vera
1707 1601 1719 1617 ‚

209 1631 331 1679 quam
361 1629 594 1667 verisimilia.
668 1631 715 1667 Et
736 1629 912 1666 attonitis
942 1629 1136 1665 miraculo
1155 1630 1229 1666 rei:
1253 1628 1348 1677 quid
1378 1630 1486 1667 enim
1520 1629 1721 1679 indignius

209 1685 332 1734 quam
346 1685 465 1722 abhis
480 1685 777 1733 perimi,quibus
794 1685 916 1722 vitam
929 1683 1075 1721 dederis
1093 1685 1104 1720 ἓ
1130 1682 1360 1722 sententiam
1375 1683 1722 1733 occinit,plaufibi-

207 1743 288 1778 lem
301 1743 500 1778 &veramt
540 1741 704 1789 ingratis
722 1738 857 1776 servire
871 1738 993 1776 nefas.
1027 1748 1070 1775 ut
1083 1737 1406 1788 sentiamus‚quid
1422 1740 1569 1777 sentiat.
1583 1752 1722 1789 quem-

208 1797 427 1834 admodum
452 1796 648 1838 videmus,
685 1795 795 1844 quod
817 1793 1128 1834 commonstrat3
1161 1796 1372 1832 Parentum
1397 1795 1483 1845 erga
1506 1807 1578 1833 nos
1603 1797 1719 1833 meri-

205 1862 246 1889 ta
266 1852 487 1888 recolamus
513 1849 703 1899 primum:
736 1849 913 1897 aquibus
943 1847 1085 1887 deinde
1113 1861 1319 1899 parentum
1343 1851 1586 1901 indulgentia
1607 1851 1720 1890 habi-

205 1909 263 1954 ti·,
278 1904 477 1956 postremo
499 1906 684 1942 omnium
699 1934 709 1949 ‚
724 1905 867 1954 quibus
890 1905 1027 1952 aliquo
1052 1904 1248 1944 beneficio
1265 1906 1437 1945 devinCti
1457 1906 1601 1944 sumus.
1658 1907 1720 1943 Sic

206 1961 347 2000 scilicet
360 1990 370 2005 ,
385 1974 434 1998 ne
463 1961 628 1998 infanda
641 1960 856 1999 faciamus3
878 1960 994 1997 nobis
1022 1961 1144 2009 prima
1159 1963 1226 1998 erit
1249 1964 1396 2000 cautio.
1453 1963 1636 2000 Proxima
1648 1963 1720 1998 erit

207 2019 246 2055 in
258 2017 428 2060 delectu,
444 2016 504 2053 his
532 2016 695 2053 famuli:
727 2017 802 2052 illis
815 2016 967 2053 domini
982 2043 991 2059 ,
1022 2017 1211 2054 omnibus
1232 2018 1363 2054 amici.
1418 2018 1593 2055 Multum
1612 2019 1718 2053 enim

204 2071 273 2110 hic
294 2082 483 2122 peccatur.
513 2073 552 2108 ὅ(
573 2070 638 2114 fit,
663 2081 704 2108 ut
727 2071 891 2108 infanda
918 2072 1123 2119 patiamur.
1145 2073 1407 2121 non‚quibus
1430 2071 1716 2114 malefecimus,

206 2127 323 2165 sedin
337 2140 438 2176 quos
451 2124 553 2165 male
575 2125 764 2164 beneficia
787 2127 1042 2165 contulimus.
1099 2127 1158 2165 Est
1181 2129 1342 2176 quidem
1358 2128 1405 2167 dc
1417 2129 1607 2167 omnibus
1617 2126 1718 2165 bene

205 2183 523 2233 promerendum,
537 2182 646 2229 quod
663 2181 846 2219 homines
859 2181 942 2219 fint.
968 2194 1203 2229 quanquam
1215 2186 1272 2221 vir
1295 2195 1380 2222 non
1404 2184 1628 2232 imprudens
1652 2183 1716 2220 be·

204 2239 360 2276 nefasta
374 2266 383 2280 ‚
401 2234 505 2275 male
525 2237 742 2280 collocata,
764 2237 973 2276 malefacta
988 2238 1189 2275 existimet.
1245 2240 1318 2276 Sed
1341 2240 1554 2279 videndum
1574 2239 1717 2288 quibus

201 2306 294 2333 cum
324 2291 517 2342 possimus
552 2291 788 2329 coalescere:
822 2294 859 2329 ὅ(
888 2293 928 2328 in
950 2294 1178 2330 interiorem
1208 2294 1516 2333 familiaritatem
1546 2293 1715 2333 transire.

204 2349 304 2386 Sunt
324 2350 431 2384 enim
452 2348 634 2384 homines
654 2347 789 2391 invidi,
816 2348 994 2397 maligni,
1009 2349 1163 2398 ingrati,
1185 2350 1382 2399 inquibus
1397 2350 1496 2387 nihil
1510 2350 1560 2387 est
1585 2350 1714 2387 homi-

204 2405 263 2441 nis
287 2414 412 2452 praeter
440 2403 624 2439 formam.
651 2404 688 2439 ὃ(
714 2403 794 2443 haec
813 2403 875 2440 vel
896 2404 979 2452 pilo
992 2403 1096 2448 rufo,
1119 2405 1178 2441 vel
1192 2404 1291 2441 facie
1302 2404 1511 2450 adusta‚vel
1526 2405 1615 2442 felle
1629 2417 1713 2454 per-

204 2458 289 2501 fusi,
305 2458 363 2494 vel
385 2459 503 2495 corde
526 2456 693 2499 asinino,
706 2459 763 2495 vel
777 2458 905 2494 fronte
918 2461 1083 2501 canina,
1100 2460 1157 2496 vel
1173 2460 1305 2508 aliqua
1324 2461 1495 2509 denique
1517 2460 1591 2498 alia
1618 2471 1713 2498 nota

204 2515 303 2556 noti,
319 2515 357 2551 ὅ(
371 2513 595 2550 deformati.
652 2511 718 2549 Ab
732 2512 903 2550 hismihi
919 2525 1013 2551 cave
1033 2516 1162 2562 inquit
1184 2515 1324 2566 Mysta.
1350 2517 1629 2565 Namingratis
1642 2515 1711 2554 ser-

204 2572 282 2605 vire
307 2569 361 2604 uti
384 2569 552 2606 noxium
566 2595 576 2610 ‚
599 2569 651 2604 ita
673 2568 795 2605 nefas.
845 2569 949 2618 Qid
964 2571 1070 2605 enim
1090 2570 1167 2606 hoc
1187 2571 1293 2608 aliud
1315 2571 1367 2607 est
1381 2599 1390 2614 ,
1406 2571 1524 2619 quam
1549 2571 1712 2609 salutem

204 2624 327 2665 suam,
340 2635 461 2671 quam
475 2622 590 2658 nobis
604 2633 743 2659 natura
764 2633 965 2671 tantopere
977 2625 1284 2669 commendavit,
1301 2627 1455 2674 prodere
1470 2629 1480 2663 ἓ
1502 2628 1611 2663 Nero
1626 2639 1710 2664 non

203 2679 366 2730 pepercit
383 2678 530 2726 parenti
547 2690 554 2713 :
584 2679 667 2713 Nec
692 2677 818 2714 hercle
837 2680 965 2715 Lenas
979 2689 1158 2727 patrono,
1194 2691 1260 2717 aut
1275 2681 1412 2718 Brutus
1427 2682 1575 2724 Caemri,
1589 2681 1608 2718 ὸ
1625 2694 1708 2731 quo

200 2736 317 2775 etiam
340 2733 455 2771 lite-res
479 2730 565 2772 cffet
582 2731 750 2783 scriptus,
809 2734 913 2772 Tam
934 2735 1194 2779 immitabiles
1216 2736 1432 2775 hominum
1456 2739 1578 2775 animi
1600 2735 1707 2781 sunt,

1597 2803 1637 2829 ut
1649 2805 1707 2830 ca-
