1877 3277
122 256 265 303 impius
283 282 293 298 ‚
317 256 386 303 qui
406 254 550 292 nesciat
574 254 712 292 omnia
755 253 830 293 Dei
853 265 966 292 rnutu
980 256 1082 306 regi,
1097 267 1143 293 ac
1156 267 1240 293 non
1266 255 1356 294 velit
1375 253 1396 291 a
1410 204 1653 303 neore-(511

122 309 280 356 suarum
302 309 478 348 foelicem
491 308 700 362 successum
711 309 806 347 dari.

183 397 527 453 SVPOLIAT
579 396 804 447 MORS
849 397 1193 448 MUNERA
1238 397 1575 448 NOSTRA.

269 473 402 512 Arbor
423 471 490 516 hic
511 472 722 511 ostenditur
744 473 927 524 frugifera
942 501 952 516 ‚
976 485 1099 522 quam
1121 474 1301 511 fulminis
1323 474 1446 511 telum
1466 473 1650 516 diffindit,

115 530 157 566 δε
190 539 339 566 enecat.
414 529 485 566 Ait
507 529 765 578 Symbolum:
803 529 827 565 S
841 529 867 565 P
880 529 918 565 O
935 530 965 566 L
982 528 1048 566 IA
1062 530 1097 565 T
1132 530 1174 566 M
1193 530 1229 566 O
1246 531 1281 566 R
1296 529 1320 566 S
1358 530 1403 567 M
1416 530 1593 567 VNEAR
1612 529 1649 566 A

113 583 157 622 ‘N
172 583 210 620 O
223 584 246 620 S
259 585 294 621 T
309 586 345 621 R
359 583 412 621 A.
445 582 606 633 Mystice
619 584 696 621 haec
707 584 943 621 hominibus
955 584 1320 623 accommodantur:
1379 585 1551 622 Vtenim
1573 583 1649 622 ful-

110 650 209 676 -men
224 638 430 680 storentem
451 639 626 676 arborem
651 639 743 688 saepe
764 640 900 682 exurit,
923 651 967 676 ac
982 652 1030 676 ne
1043 639 1191 676 frustus
1204 638 1295 676 suos
1319 639 1460 677 statuto
1473 641 1494 677 a
1508 650 1649 677 natura

114 704 290 743 tempore
310 695 493 732 exhibere
515 694 647 743 possit,
667 693 783 739 facit:
802 696 853 732 ita
865 696 982 732 etiam
999 707 1120 737 mors,
1137 694 1298 738 excelsa,
1316 693 1510 745 bonaeque
1529 696 1648 745 frugis

115 751 272 799 ingenia
286 751 502 799 plerunque
514 748 735 793 immature,
750 762 798 787 ne
819 750 966 787 fruetus
981 752 1018 787 δε
1032 762 1210 793 munera,
1224 762 1308 798 quae
1329 750 1349 786 a
1367 754 1530 800 numine
1544 750 1648 787 obti-

114 805 477 848 nuerr'innobiscum
490 805 652 843 vicissim
667 807 951 845 communicari
968 805 1128 855 possint,
1144 806 1239 842 ferit.
1268 807 1308 843 Id
1325 804 1423 843 certe
1436 809 1519 845 viro
1531 806 1647 843 omni

112 859 401 898 humaniorum
437 862 630 898 literarum
653 873 793 910 genere
817 860 1054 905 cultissimo,
1070 861 1293 898 ·D.Iacobo
1308 862 1486 911 Typotio
1508 862 1644 911 Belgae,

110 917 316 964 quondam
330 918 446 967 Regis
458 918 596 954 Sveeiae
612 915 848 953 consiliario
862 915 1261 965 intimo‚Caesarisque
1274 917 1482 966 Rudolphi
1501 918 1647 954 Secun-

108 971 150 1009 di
174 972 381 1015 Historico,
395 974 463 1021 qui
479 972 763 1021 Symbolotum
779 973 904 1020 priora
917 972 999 1009 duo
1012 973 1221 1015 volumina
1234 971 1299 1009 sua
1313 973 1469 1023 isagoge
1482 972 1646 1009 illustra·

110 1029 176 1071 vit,
191 1028 357 1077 contigit
373 1040 381 1064 ε
437 1028 555 1064 Hunc
566 1030 673 1069 enim
686 1039 791 1064 mors
806 1028 1062 1076 praecox‚tabe
1075 1027 1647 1077 consumptum‚aniicis,bene·

108 1081 253 1132 queilli
277 1083 514 1126 volentibus,
531 1092 620 1120 ante
634 1092 849 1120 extremum
863 1082 1012 1121 senium
1036 1083 1202 1124 abstulit.
1259 1083 1410 1121 Habuit
1429 1085 1485 1121 vir
1504 1084 1569 1121 ille
1585 1085 1645 1120 in·

108 1139 237 1189 fignss,
252 1139 487 1176 cancellaria:
499 1138 652 1185 aliquot
669 1138 876 1176 volumina
903 1151 977 1187 prae
997 1139 1194 1183 manibus,
1210 1141 1247 1176 ἃ
1262 1139 1440 1187 quaedam
1453 1139 1620 1176 absolvit
1632 1167 1643 1184 ‚

107 1194 250 1243 quibus
276 1206 362 1231 non
377 1193 504 1230 solum
531 1195 748 1245 principum
773 1193 1060 1244 suiaevistatum
1084 1194 1181 1232 fiffis
1195 1194 1426 1232 nominibus
1439 1193 1642 1243 descripsit,

104 1247 297 1292 sedetiam
311 1249 503 1287 formulas
517 1250 727 1293 literarum,
742 1250 1035 1291 mandatorum,
1059 1251 1097 1287 ὅ(
1113 1250 1355 1294 libellorum,
1383 1252 1451 1298 qui
1471 1249 1491 1288 ὲ
1507 1251 1643 1300 princi-

105 1306 220 1355 pibus
242 1305 304 1343 vel
326 1304 531 1354 rebuspub.
560 1305 729 1354 expediri
752 1304 887 1342 solent.
945 1306 1132 1343 Poemata
1156 1308 1194 1343 δε
1217 1306 1498 1355 epigrammata
1523 1307 1643 1344 etiam

104 1360 302 1398 nonnulla
318 1359 551 1410 conscripsit.
608 1361 670 1397 Ac
692 1360 868 1409 libellum
888 1360 935 1397 de
956 1371 1036 1397 arte
1054 1361 1345 1410 Hierographiae
1359 1389 1369 1405 ‚
1399 1373 1517 1410 quem
1532 1362 1643 1412 spero

102 1416 263 1454 tandem
287 1417 328 1453 in
352 1417 480 1453 lucem
504 1416 769 1465 proditurum,
793 1415 1010 1461 ac,etiamfi
1027 1428 1136 1454 mors
1149 1415 1314 1454 Dostiss.
1332 1417 1552 1466 Typotiurn
1563 1420 1641 1457 vita

103 1469 283 1521 spoliarit:
305 1484 468 1510 munera
482 1482 614 1509 tamen
626 1473 728 1510 illius
741 1472 870 1509 nostra
881 1471 980 1510 fore.

422 1579 1315 1689 ΟΛΥΜΠΩΣ.

218 1719 340 1758 Mons
353 1717 421 1758 hie
430 1720 648 1770 depingitur
659 1720 870 1769 Olympus,
885 1721 925 1758 in
936 1729 1018 1757 tota
1035 1720 1329 1763 Macedonia,&
1343 1718 1485 1757 Graecia
1500 1718 1638 1758 altissi-

99 1784 200 1819 mus,
210 1777 273 1813 cui
286 1775 584 1825 superstructum
599 1776 649 1812 est
663 1775 1046 1824 mauseolum,quale
1057 1776 1254 1825 Augustus
1267 1777 1411 1812 Romae
1422 1776 1563 1814 habere
1576 1775 1640 1814 so-

99 1831 210 1868 lebat.
286 1831 333 1869 In
363 1831 706 1880 hujusscacumitac
729 1831 849 1869 altare
870 1831 984 1875 fidei,
1007 1833 1045 1868 ὂ(
1069 1830 1165 1869 fides
1187 1841 1379 1869 coronata
1403 1833 1580 1869 cernitur.

98 1886 362 1924 Proculdubio
381 1900 499 1925 mons
512 1888 693 1924 animum
705 1886 879 1934 hominis
894 1885 1040 1924 excelsa
1055 1898 1259 1935 optantem
1271 1886 1464 1935 defignat:
1487 1889 1517 1923 is
1529 1887 1636 1924 enim

98 1941 123 1978 fi
137 1942 373 1991 Olympum,
390 1943 468 1980 hoc
480 1942 530 1979 est
541 1942 703 1985 coelum,
719 1954 763 1979 ac
774 1952 957 1979 aeternam
980 1943 1259 1980 beatitudinem
1282 1944 1438 1991 cogitat,
1449 1954 1492 1979 ac
1506 1943 1613 1990 cupit
1624 1967 1635 1985 ‚

95 1996 374 2046 fideimprimis
389 1998 593 2035 instrustus
614 1996 683 2034 effe
699 1998 831 2034 debet:
854 1997 948 2035 fides
959 1999 1063 2034 enim
1081 1997 1387 2035 fundamentum
1403 1997 1531 2034 salutis
1557 1998 1609 2034 est
1624 2025 1634 2041 ,

95 2053 174 2090 fine
195 2065 273 2100 qua
296 2055 546 2102 impossibilis
560 2053 609 2090 est
625 2053 772 2103 plaeere
788 2053 892 2089 Deo.
948 2053 1013 2090 Ob
1039 2052 1141 2090 hane
1153 2053 1310 2090 causam
1323 2064 1473 2089 corona
1499 2053 1554 2089 illi
1577 2052 1636 2089 su-

97 2120 161 2158 pra
175 2110 354 2157 pingitur:
368 2120 409 2145 ut
423 2108 705 2146 demonstretur
716 2107 807 2145 fidei
823 2109 1036 2157 praemium,
1051 2107 1110 2144 vel
1123 2120 1330 2150 coronam,
1348 2109 1570 2157 Olympum
1584 2107 1636 2145 es·

95 2165 131 2201 se
146 2191 154 2206 ,
177 2164 213 2200 id
229 2164 292 2207 est,
316 2165 511 2202 coelestem
533 2164 711 2214 gloriam.
776 2163 925 2200 Vei-cim
939 2165 1030 2211 quia
1044 2164 1089 2200 dc
1107 2163 1275 2208 fidealijs
1288 2164 1487 2201 virtutibus
1501 2176 1634 2201 caren-

93 2229 142 2262 te,
157 2221 195 2257 ὅ(
216 2230 369 2257 mortua
389 2219 454 2257 hic
477 2233 561 2256 non
590 2221 723 2268 agitur:
765 2220 920 2255 arbores
945 2220 1039 2255 vivae
1066 2219 1333 2268 appics‘taesunt.
1400 2219 1506 2256 Fides
1526 2221 1633 2258 enim

92 2275 293 2317 frustibus,
321 2287 461 2324 nempe
480 2276 664 2312 charitate
678 2286 722 2311 ac
739 2273 811 2323 spe,
828 2284 869 2310 ut
884 2274 1103 2323 Olympum
1120 2273 1394 2322 consequatur,
1409 2284 1545 2312 ornata
1561 2274 1634 2313 effe

92 2330 218 2369 debet3
273 2330 355 2373 Nisi
367 2333 472 2369 enim
496 2331 660 2368 charitas
682 2329 797 2372 adsit,
821 2341 905 2378 quae
926 2331 992 2366 viae
1014 2329 1127 2366 instar
1150 2329 1211 2374 fit,
1237 2331 1274 2366 ὅ(
1297 2328 1377 2378 spes
1401 2342 1486 2377 quae
1509 2332 1627 2376 viam,

93 2396 135 2424 ur
157 2386 353 2422 columnae
374 2386 637 2427 mauseolum,
653 2384 842 2427 sustentet,
856 2397 939 2421 non
955 2386 1194 2432 pervenietur
1206 2386 1253 2422 ad
1267 2386 1414 2421 montis
1426 2386 1576 2435 jugum.

93 2439 214 2478 Ree‘te
226 2442 317 2488 itaq3
332 2441 394 2478 hic
410 2443 584 2490 Princeps
600 2443 684 2478 viva
697 2439 786 2477 fide,
801 2443 837 2477 ὃ(
850 2452 934 2489 quse
947 2441 1030 2488 alijs
1042 2441 1244 2477 virtutibus
1259 2450 1398 2477 ornata
1411 2441 1474 2484 est,
1491 2440 1525 2476 se
1546 2442 1630 2480 bea-

90 2507 172 2534 tam
187 2498 307 2534 vitam
320 2509 396 2534 con
404 2496 658 2545 sequuturum
670 2496 796 2535 credit.

361 2585 557 2634 COSI
605 2583 882 2633 MORIR
918 2574 1043 2632 7ΜΙ
1100 2584 1374 2633 PLACE.

797 2658 923 2694 idest:

470 2715 608 2766 ITA
669 2715 889 2764 MORI
924 2704 1272 2778 'PLACET

239 2809 405 2859 Elegans
433 2810 512 2848 haec
534 2808 832 2858 Hierographia‚
850 2821 894 2846 ac
908 2810 1037 2857 probae
1061 2807 1347 2846 matrifamilias
1369 2806 1518 2856 optime
1532 2819 1629 2846 con-

902 2865 939 2901 H
966 2878 981 2907 3
1452 2865 1625 2909 veniens,
