1877 3277
243 129 331 174 26.

238 193 390 232 bemus,
403 187 490 227 vitae
512 194 635 236 geuus
649 182 896 234 ingredimur,
911 192 953 219 ut
975 183 1033 219 M.
1045 183 1216 227 Tullius,
1231 185 1271 220 in
1284 183 1464 232 praeclaro
1478 182 1549 220 illo
1569 194 1687 232 opere
1705 183 1753 221 de

240 241 597 291 officijs-obseram,
611 240 649 277 id
661 249 760 289 pete,
773 239 873 276 vnde
892 239 998 275 Laus
1012 239 1165 287 petitur.
1208 240 1401 276 Honestas
1413 240 1520 276 enim
1537 239 1589 276 est
1600 248 1667 276 aut
1688 239 1751 276 de-

238 303 344 342 beret
353 299 424 339 effe
438 298 671 349 principium
683 295 990 337 deliberationis,
1004 296 1193 332 terminus
1211 294 1391 332 astionis.

525 403 735 454 XXXV.
772 403 1467 454 HIEROGRAPHIA.

314 514 353 550 Si
372 509 571 548 Pistorum
591 505 729 542 eadem
753 505 907 542 licentia
921 504 985 548 est,
1000 505 1060 542 vel
1084 503 1238 543 Ouidio
1251 504 1311 543 vel
1327 506 1497 543 Horatio
1509 505 1647 550 judice,
1669 515 1753 552 quae

239 571 470 609 Poetarum3
484 562 577 612 quid
589 560 808 598 auerscmur
819 560 1037 597 informem
1049 561 1152 598 hanc
1163 561 1361 598 formam?
1375 561 1442 607 qui
1456 561 1630 610 Hydram
1647 559 1753 608 paul-

241 626 285 663 lo
297 619 688 665 ante‚deformiorem
700 613 829 653 multo
843 617 1075 664 accepimus.
1098 617 1364 654 Traduximus
1382 617 1560 665 Hydram
1580 616 1629 652 ad
1644 614 1756 652 usum

241 680 447 732 publicum
467 677 504 713 δε
520 674 726 722 priuatum.
782 673 827 708 Et
838 670 993 709 fortass'e
1013 673 1055 708 in
1070 671 1148 708 hoc
1159 674 1283 720 capite
1294 672 1441 719 aliquid
1453 673 1533 714 erit,
1547 671 1657 718 quod
1671 672 1754 707 Ma-

242 737 456 787 gistratum‚
472 739 588 778 caput
603 729 715 777 Reip.
738 730 776 765 ὃς
788 727 1183 776 membra‚Populum
1197 728 1257 764 vel
1269 730 1385 772 iuvet,
1400 727 1459 764 vel
1482 727 1655 763 delecCtet.
1691 727 1752 763 In*
1780 722 1785 725 χ

242 791 452 830 tendamus
467 785 606 823 oculos
620 781 759 820 modo.
794 783 891 819 Tres
904 783 1043 820 oculos
1057 784 1174 820 habet
1188 785 1390 833 nthantes
1407 781 1492 819 imo
1505 782 1674 820 clausos:
1695 793 1756 819 to-

243 849 365 886 tidem
389 843 540 882 lucidos
560 843 776 889 &apertos.
821 839 927 889 Qid
944 839 1022 876 hoe
1036 840 1198 876 monstri
1213 840 1286 876 est?
1320 838 1439 889 Qiasi
1458 837 1549 876 vero
1573 851 1656 876 non
1671 850 1756 875 cen-

241 915 328 942 tum
343 901 467 939 oculis
485 899 608 935 Poetae
623 895 777 945 Argum
790 895 985 938 domarim,
999 905 1042 931 ut
1053 898 1184 932 minus
1200 894 1463 932 monstrosum
1489 893 1530 931 sit
1543 894 1622 931 hoc
1643 903 1759 943 caput

243 958 354 1010 quod
365 958 458 1006 quia
474 965 560 991 non
576 949 817 994 fabulosum,
832 950 891 987 sed
904 951 1115 1000 Mystic'um'
1129 951 1178 987 est
1190 963 1202 989 3>
1218 953 1442 987 intueamur
1454 948 1591 999 paullo
1606 961 1756 986 accura-

242 1019 331 1054 tius.
391 1012 541 1049 Primus
554 1008 694 1046 oculus
718 1010 757 1045 ὅ(
772 1007 932 1055 quidem
955 1007 1088 1044 videns
1103 1007 1276 1043 frontem
1289 1016 1455 1055 occupat
1482 1017 1566 1043 non
1580 1005 1717 1054 procul
1737 1003 1759 1042 a

241 1070 412 1109 cerebro.
433 1067 536 1106 videt
558 1062 652 1112 itac'p
674 1061 775 1100 clare
794 1061 889 1106 istic,
905 1063 973 1099 ubi
996 1063 1096 1099 reete
1121 1064 1339 1100 videntium
1361 1063 1519 1111 plurimi
1545 1063 1759 1098 excutiunt.

245 1127 328 1176 Qui
341 1123 412 1162 suo
426 1122 519 1161 loco
533 1120 631 1163 sunt,
648 1119 688 1156 id
700 1119 763 1162 est,
778 1120 817 1154 in
832 1117 983 1166 specula
1006 1120 1044 1155 ὅ(
1057 1117 1165 1165 quasi
1190 1118 1362 1155 custodia
1378 1119 1547 1166 corporis
1571 1117 1759 1155 humanis

245 1183 393 1221 horum
405 1177 548 1216 sinister
560 1184 664 1223 patet
684 1175 722 1211 ἃ.
734 1174 830 1210 laeua
849 1173 934 1210 sede
957 1185 1024 1210 cor
1037 1174 1100 1217 est,
1118 1173 1258 1210 arbiter
1277 1175 1399 1210 animi
1414 1173 1594 1210 humani.
1653 1172 1759 1209 Idem

244 1238 400 1276 habitus
414 1233 466 1271 est
478 1231 688 1269 oculorum
702 1231 797 1267 intra
809 1229 989 1279 iugulum
1003 1231 1040 1266 &
1053 1230 1284 1278 peetusfquo
1296 1225 1434 1265 seilicet
1448 1228 1538 1265 loco
1550 1227 1760 1266 videndum

247 1293 311 1336 est,
327 1303 376 1329 ne
389 1289 549 1326 luxuriae
564 1286 792 1323 fomentum
807 1286 1018 1334 ingeratur:
1044 1287 1082 1322 ὅ(
1094 1284 1219 1327 simul,
1236 1297 1286 1321 ne
1297 1285 1473 1321 laxemus
1487 1284 1594 1321 frena
1608 1286 1760 1320 iracun-

245 1350 326 1387 diae.
381 1346 468 1383 Hoc
482 1352 611 1381 autem
627 1352 741 1383 unus,
756 1352 841 1377 uon
854 1341 987 1377 minus
998 1337 1110 1384 bene,
1123 1340 1244 1388 quam
1257 1341 1337 1376 duo
1357 1349 1475 1376 curat,
1511 1342 1621 1377 Nam
1638 1341 1675 1376 δε
1690 1350 1762 1375 nos

247 1404 344 1442 dum
357 1401 634 1439 collimamu53
655 1397 779 1433 altero
795 1396 916 1433 oculo
938 1397 1223 1432 conniuemus:
1246 1398 1283 1433 δε
1299 1394 1405 1442 quasi
1429 1394 1627 1444 dissipatas
1651 1406 1694 1431 ac
1708 1393 1762 1430 di-

248 1458 349 1498 uisas
362 1455 518 1494 videndi
541 1453 746 1490 facultates
769 1452 808 1488 in
820 1463 943 1488 unam
958 1452 1243 1489 contrahimus.
1276 1449 1354 1488 Hic
1366 1451 1501 1488 videor
1513 1452 1686 1499 aliquem
1709 1449 1763 1487 vi-

248 1517 350 1557 dere,
369 1526 390 1550 a
405 1512 542 1559 Capite
566 1511 605 1545 in
621 1520 682 1545 me
708 1505 957 1544 conuersum.
1015 1507 1122 1558 Qid
1143 1509 1257 1556 igitur
1279 1506 1395 1544 clausi
1410 1507 1541 1543 oculi?
1568 1505 1676 1554 quod
1692 1504 1763 1541 ho-

248 1583 338 1610 rum
353 1567 553 1606 officium?
575 1564 600 1602 s1
613 1563 792 1603 inutiles3
819 1563 910 1611 quid
926 1561 1028 1599 fiffi?
1052 1562 1076 1599 fi
1091 1561 1171 1599 fie'ti
1184 1574 1270 1599 non
1285 1560 1464 1602 ἰηάοὲὶὲς
1485 1563 1584 1599 doce
1599 1563 1636 1599 &
1650 1560 1765 1609 expli-

252 1640 295 1665 ca
310 1624 424 1663 usum
462 1622 562 1671 Qs
576 1632 650 1668 ego
665 1618 801 1656 sodes?
829 1618 894 1655 Ad
906 1616 1200 1672 ¹specula-ndum,
1214 1630 1298 1655 non
1312 1618 1540 1655 docendum
1553 1618 1656 1655 veni.
1683 1617 1764 1653 Do·

250 1692 308 1721 cet
321 1693 395 1718 nos
410 1677 526 1716 usum
541 1676 763 1716 oculorum,
778 1681 880 1724 quos
894 1673 1019 1710 studio
1032 1673 1178 1717 clausit,
1195 1672 1334 1723 Mysta,
1351 1672 1571 1722 Hispaniee.
1603 1670 1766 1709 Clausos
1823 1703 1827 1713 ,

252 1750 336 1776 non
357 1736 496 1772 mirare
522 1731 582 1779 (id
604 1730 655 1767 est
676 1741 762 1766 non
781 1727 892 1766 ceuse
903 1727 1079 1777 clausos)
1103 1729 1297 1766 arationis
1316 1727 1461 1766 caussa.
1531 1730 1592 1766 Sic
1615 1727 1767 1779 symbo-

251 1793 587 1837 luminterpretor.
613 1786 724 1822 Nam
738 1783 988 1834 Agricultura
1011 1784 1150 1821 oculos
1175 1795 1328 1832 apertos
1350 1785 1519 1832 requirit.
1553 1786 1643 1835 Qa
1658 1785 1769 1833 igitur

251 1850 297 1887 de
311 1845 443 1885 caussa
456 1841 658 1881 censemus
672 1840 811 1877 oculos
824 1838 896 1876 effe
909 1839 1131 1877 obdue‘ws?
1153 1838 1377 1876 Alexander
1390 1852 1512 1877 unam
1527 1853 1660 1877 aurem
1676 1852 1765 1888 pan-

251 1905 367 1943 debat
379 1898 604 1939 accusatori,
619 1896 781 1933 alteram
796 1895 1141 1943 claudebat‚quam
1155 1890 1301 1932 scilicet*
1312 1907 1379 1931 reo
1395 1894 1558 1932 seruaret
1569 1896 1767 1932 calumnia

250 1958 439 1999 {maetam
454 1957 492 1992 δε
508 1952 774 2001 impollutam.
803 1948 961 1987 Cuihic
974 1949 1189 1999 finguntur,
1204 1952 1272 1999 qui
1297 1952 1513 2000 pinguntur
1534 1951 1641 1988 oculi
1662 1949 1766 1988 obse-

249 2015 349 2054 rati?
375 2011 488 2048 Curae
500 2021 585 2046 non
600 2005 805 2048 seruili,sed
821 2007 944 2043 liberae
957 2003 1036 2054 atc'p
1052 2007 1239 2055 grauiori.
1266 2006 1460 2043 Videmus
1475 2009 1585 2043 enim
1595 2006 1688 2056 soepe
1703 2016 1769 2043 eos

249 2069 352 2109 nihil
364 2067 510 2106 videre:
529 2075 632 2113 quos
655 2062 702 2099 de
715 2061 827 2098 rebus
841 2061 1090 2110 grauioribus
1103 2063 1376 2099 meditationes
1391 2073 1599 2111 occupant.
1658 2064 1768 2112 Qos

252 2127 345 2165 cum
358 2123 560 2161 videmus;
583 2118 761 2156 videmur
774 2117 1002 2166 intelligere,
1017 2117 1112 2165 quid
1128 2117 1252 2154 oculis
1266 2130 1352 2154 non
1366 2118 1523 2155 tantum
1539 2120 1688 2167 apertis,
1710 2116 1770 2154 sed

253 2186 291 2219 ὅ(
306 2177 442 2217 clausis
456 2175 581 2226 Mysta
596 2173 700 2212 velit.
760 2173 821 2209 De
832 2174 1015 2209 Numero
1035 2184 1167 2209 autem
1179 2173 1287 2210 nulla
1302 2173 1531 2221 relinquitur
1554 2173 1746 2211 dubitatio
1759 2200 1769 2217 ,

255 2245 409 2287 propter
422 2232 591 2277 Trinarij
619 2230 785 2266 Numeri
798 2228 1032 2277 religionem
1046 2226 1124 2278 at<'1;
1139 2229 1411 2267 celebritatem.

473 2339 712 2391 XXXVI.
773 2339 942 2388 HJE
964 2306 1004 2388 R
1031 2338 1078 2387 o
1104 2339 1153 2387 <J
1176 2340 1342 2388 RAP
1371 2340 1556 2388 HJA.

330 2446 432 2483 Huic
455 2443 556 2480 nihil
574 2443 740 2480 mortale
764 2443 804 2479 ln
817 2443 960 2490 optatis
984 2441 1055 2480 est3
1077 2444 1140 2478 cui
1165 2451 1367 2490 optatum:
1388 2443 1512 2478 Duret
1529 2444 1569 2478 in
1583 2454 1720 2484 aevum,
1734 2450 1774 2477 ut

260 2516 304 2540 ex
323 2500 518 2550 Symbolo
534 2499 667 2546 liquet.
726 2498 832 2547 Qid
846 2498 959 2547 igitur
973 2508 1082 2546 optat
1096 2498 1234 2535 durare
1257 2509 1395 2539 aevum,
1412 2500 1448 2534 δε
1463 2499 1618 2534 existere
1639 2496 1771 2545 sempi-

259 2558 444 2595 ternum?
491 2556 588 2591 Non
612 2555 732 2590 vitam
747 2553 862 2593 hanc,
885 2565 969 2600 quae
983 2554 1158 2590 mortalis
1181 2553 1244 2590 est.
1301 2554 1399 2589 Non
1423 2564 1655 2591 ornamenta
1667 2554 1771 2594 vitre,

263 2626 348 2661 quae
362 2623 445 2648 uon
459 2607 693 2658 poffunress'e
706 2609 947 2645 diuturniora
962 2610 1050 2644 vita.
1070 2610 1166 2646 Non
1180 2609 1429 2651 memoriam,
1444 2620 1529 2656 quae
1544 2609 1774 2644 Mortalium

262 2681 346 2706 non
362 2665 482 2716 potest
493 2663 563 2700 effe
576 2664 820 2700 immortalis.
859 2664 1058 2711 Purpureo
1071 2664 1215 2700 Galero
1227 2664 1410 2700 Montem
1423 2663 1632 2700 inumbrat,
1662 2664 1707 2699 Et
1728 2675 1772 2698 ex

262 2726 337 2763 hac
350 2721 487 2759 umbra
504 2720 616 2761 lucer,
635 2718 668 2755 se
683 2720 909 2767 dignitatem
934 2717 1042 2755 suam
1063 2718 1205 2756 deferre
1225 2719 1396 2767 digniori
1412 2730 1496 2766 quae
1518 2719 1636 2765 pietas
1658 2720 1774 2754 etiam

265 2780 401 2818 nonin
414 2777 550 2827 pietate
563 2774 690 2812 nostra
704 2776 839 2824 viguit.
851 2775 959 2811 Nam
974 2774 1020 2810 C.
1036 2775 1157 2812 Iulius
1174 2772 1297 2811 Caesat
1309 2773 1488 2811 diadema
1500 2773 1569 2810 sibi
1585 2774 1772 2814 oblatam,

1690 2828 1778 2865 [0²15.
