1877 3277
255 235 353 279 ῃ
523 289 633 344 ,SI
692 290 788 349 ΤΕ
853 290 1054 343 FATA
1101 290 1468 349 VOCANT‚

406 388 560 423 Ramus
583 397 721 423 aureus
741 388 979 437 Virgilianus
998 388 1064 428 hic
1089 390 1314 436 exhibetur,
1342 395 1635 440 omnium,quae
1654 394 1781 442 optari

255 441 420 492 possunt,
436 440 573 489 scopus
587 450 653 479 aut
665 441 848 480 foelicitas
863 443 954 493 ipsa.
1007 446 1120 482 Hanc
1132 446 1221 483 cum
1235 447 1401 493 AEneas
1414 458 1655 497 quaetetet,ac
1667 449 1782 486 omni

253 498 378 551 studio
402 495 712 545 prosequeretut3
735 496 963 547 responsum
990 499 1142 550 Sybillae
1169 504 1326 553 accepit,
1343 516 1471 553 neque
1486 505 1634 548 virtute,
1650 515 1779 553 neque

253 555 290 591 vi
306 552 484 597 obtineri,
503 551 565 589 sed
577 550 680 588 fato:
1020 557 1022 559 ’

535 624 584 672 St·
597 635 636 671 te
644 624 752 689 fata
771 637 936 685 vocant,
959 625 1070 677 alias
1090 645 1165 674 non
1185 626 1350 677 viribm
1373 630 1484 688 ullis,

537 694 636 743 Nec
654 696 786 744 etiam
809 697 910 744 duro
919 698 1073 761 potem
1092 700 1319 749 convellere
1322 701 1459 763 ferro.

406 788 562 827 Aureus
576 791 837 835 enimramus,
852 790 934 840 quo
950 791 1136 835 honores,
1159 792 1309 834 divitiae‚
1332 790 1504 832 vic'toria‚
1530 790 1569 828 ὁ(
1591 785 1780 837 quicquid

251 844 448 886 desiderari
464 845 598 893 potest,
615 845 869 895 significatur:
893 859 1019 895 neque
1031 847 1081 884 vi,
1095 858 1220 894 neque
1233 847 1337 883 ferro
1352 844 1598 888 abscinditur,
1613 852 1680 881 aut
1694 855 1779 884 am-

252 911 431 950 putatur,
459 899 515 938 scd
538 901 635 945 fato,
660 901 697 937 id
719 903 770 939 est
793 903 866 939 Dei
890 902 1132 951 providentia
1156 902 1362 938 obtinetur:
1427 901 1521 936 Vim
1543 901 1650 936 enim
1679 898 1780 939 infe-

251 958 348 999 renti
368 955 459 1005 saepe
471 955 617 999 resistit,
633 957 922 995 utdemulcenti
947 956 1018 994 sese
1050 955 1152 994 ultro
1175 957 1414 1005 carpendum
1438 955 1629 999 obtrudit,
1653 952 1678 991 fi
1698 953 1780 991 fata.

251 1012 384 1054 velint,
399 1011 477 1049 hoc
490 1011 552 1054 cst,
569 1012 702 1049 diviua
718 1024 868 1049 annuat
890 1013 1084 1050 voluntas:
1145 1013 1279 1050 Fatum
1301 1012 1406 1048 enim
1435 1011 1663 1047 Christianis
1691 1009 1779 1047 nul'-

252 1067 349 1112 lum,
363 1067 430 1103 nifi
446 1067 658 1103 conneffio
674 1069 709 1104 ὃς
727 1067 821 1104 ordo
840 1080 966 1105 rerum
987 1067 1006 1106 a
1019 1067 1138 1104 causis
1160 1066 1446 1113 necessariisch
1464 1065 1779 1115 contingentibus

251 1134 434 1164 manans,
457 1124 614 1159 numini
641 1121 727 1159 salo
749 1133 865 1166 nota,
892 1122 1017 1168 fatum
1037 1133 1208 1162 vocetur,
1265 1123 1376 1159 Hanc
1400 1121 1608 1158 Christiani
1631 1120 1701 1157 fati
1715 1131 1779 1157 ne·

251 1176 484 1213 cessitatem.
516 1189 584 1212 *πθ
638 1180 669 1208 ³:
710 1178 855 1227 Mysta,
882 1180 946 1226 qui
977 1178 1043 1215 sibi
1074 1180 1210 1216 omnia
1241 1178 1411 1219 foelicia,
1444 1177 1567 1214 divini
1603 1176 1778 1213 numinis

252 1245 302 1267 cc·
320 1245 336 1264 κ
366 1245 397 1267 ῑ
431 1261 434 1265 ,
641 1244 774 1270 contra
798 1233 940 1276 hostes
960 1245 1061 1281 quos
1094 1234 1315 1282 complures
1337 1232 1495 1282 habuit,
1519 1232 1610 1270 citra
1624 1230 1778 1271 labores

254 1319 259 1332 ἰ
381 1299 398 1321 ᾳ
415 1317 421 1321 „
524 1300 761 1324 „uittaneus
780 1290 884 1325 enim
911 1289 1022 1325 labor
1052 1291 1088 1326 ὅ(
1114 1290 1266 1325 inutiles
1289 1300 1388 1325 curae
1411 1287 1517 1328 sunt,
1542 1298 1625 1334 quae
1646 1286 1777 1323 adver-

325 1345 507 1378 uivinitus
524 1344 740 1381 ordinatam
756 1356 883 1380 rerum
899 1345 1026 1381 seriem
1043 1345 1306 1383 instituuntur.
1363 1341 1689 1392 Reprehendendi
1708 1343 1777 1378 ita-

218 1430 219 1433 ,
249 1410 339 1445 que,
365 1399 433 1444 qui
468 1396 547 1434 fata
575 1410 713 1447 cogere
738 1400 898 1442 volunt,
924 1412 967 1436 ae
993 1412 1062 1447 ptae
1083 1401 1164 1447 alijs
1188 1400 1345 1437 chimici
1362 1427 1370 1441 ‚
1394 1401 1463 1446 qui
1482 1409 1641 1434 aureum
1663 1397 1778 1433 illum

247 1464 424 1494 ramum,
450 1464 588 1489 aureos
616 1453 876 1502 proferentem
900 1454 1068 1498 fruitus,
1104 1467 1221 1503 quem
1245 1456 1413 1502 lapidem
1449 1451 1776 1502 philosophorum

246 1507 467 1556 appellant,
500 1518 559 1545 tot
581 1509 779 1547 laboribus
811 1510 998 1559 vigiliis&
1020 1510 1221 1558 impensis,
1256 1520 1296 1546 ut
1319 1508 1446 1546 Craeso
1470 1509 1625 1545 ditiores
1652 1506 1749 1544 fiant
1764 1533 1775 1550 ,

248 1565 464 1610 quaeritant:
522 1564 660 1601 Avaris
681 1568 787 1602 enim
810 1567 956 1614 quique
977 1565 1187 1603 immensas
1206 1566 1575 1612 divitias,tanquam
1599 1563 1776 1600 foelicita-

247 1621 296 1657 tis
319 1619 478 1666 scopum
502 1618 567 1656 sibi
588 1631 818 1668 proponunt
833 1648 842 1663 ,
869 1631 909 1657 ut
926 1633 1053 1668 neque
1078 1622 1322 1669 potentibus,
1343 1632 1499 1657 ramum
1523 1619 1634 1657 istum
1647 1630 1697 1655 ne
1718 1627 1776 1655 at-

246 1676 392 1722 tingere
415 1675 573 1720 quidem
611 1676 733 1712 datur.
766 1674 856 1712 Iino
880 1687 1044 1713 conatus
1071 1678 1323 1713 temeritatem
1354 1675 1444 1724 saepe
1472 1675 1596 1724 poenis
1619 1675 1775 1723 expiare

247 1730 400 1771 debent,
415 1729 509 1765 dum
526 1730 607 1777 post
626 1730 814 1768 immensa
839 1731 957 1768 studia
972 1760 980 1774 ,
1010 1744 1053 1768 ac
1078 1730 1254 1779 profusas
1269 1731 1485 1774 facultates,
1504 1730 1662 1767 senilem
1686 1739 1773 1766 aeta-

247 1794 324 1821 tem
353 1787 544 1832 pauperie,
563 1786 723 1827 morbis,
750 1788 928 1823 aerumnis
942 1799 985 1823 ac
1007 1787 1291 1824 calamitatibus
1310 1786 1511 1835 transigere
1534 1793 1738 1834 coguntur:

247 1840 286 1877 A
311 1839 430 1875 fumis
456 1841 562 1876 enim
596 1841 868 1884 metallorum,
884 1853 928 1878 ac
955 1843 1226 1887 minerahum,
1252 1840 1497 1890 aliarumque
1528 1842 1774 1878 materierum

247 1894 590 1938 exhalationibus,
615 1908 699 1943 quae
723 1896 961 1934 horrendum
986 1897 1170 1934 foetorem
1204 1899 1397 1946 expirant,
1425 1908 1508 1934 non
1532 1907 1671 1945 parum
1691 1906 1774 1932 cor-

246 1961 318 1998 pus
343 1950 606 1987 labefaetatur:
651 1949 708 1987 Εὸ
734 1953 839 1988 enim
860 1951 1029 1988 stulticiae
1052 1963 1213 1990 ventum
1235 1953 1308 1996 est,
1338 1963 1378 1989 ut
1402 1963 1564 1989 aureum
1583 1952 1693 1988 illum
1716 1962 1773 1987 ra·

244 2016 359 2040 mum
379 2017 423 2042 ex
449 2008 700 2045 excrementis
722 2005 883 2055 alijsc‘lue
908 2007 1136 2045 detestandis
1156 2009 1282 2052 rebus,
1297 2020 1381 2056 quae
1400 2008 1584 2045 lethalem
1606 2007 1773 2044 odorem

245 2060 400 2108 spirant,
414 2061 548 2096 elicere
563 2072 770 2101 conentur.
828 2062 945 2100 Multi
967 2073 1147 2100 naturam
1171 2075 1255 2101 non
1279 2063 1387 2107 ferre,
1403 2073 1444 2100 ut
1467 2064 1549 2100 auri
1564 2061 1692 2099 semen
1706 2061 1772 2098 ha·

245 2115 349 2158 beri,
373 2118 410 2152 &
432 2126 638 2161 momento
654 2145 664 2160 ,
689 2118 728 2154 in
751 2118 839 2166 igne
861 2129 1000 2154 autum
1029 2121 1200 2168 generari
1228 2118 1367 2168 possit,
1402 2127 1622 2156 autumant.
1691 2116 1770 2162 Alii

244 2167 265 2207 ὲ
287 2180 435 2214 contra,
451 2172 542 2218 quia
568 2172 816 2210 metallorum
838 2172 995 2221 simplex
1016 2174 1232 2213 admodum
1257 2174 1306 2212 est
1331 2175 1531 2224 generatio
1546 2201 1556 2216 ,
1578 2184 1623 2210 ac
1644 2173 1686 2209 in
1698 2172 1771 2209 mi-

245 2227 347 2262 neris
369 2238 414 2262 ex
439 2228 607 2272 materijs
629 2228 823 2275 aliquibus
846 2230 942 2276 aptis
967 2231 1005 2266 ὃ(
1029 2230 1266 2273 commixtis,
1282 2231 1427 2279 agentis
1444 2230 1480 2266 vi
1493 2240 1633 2266 aurum
1656 2238 1774 2277 gene-

242 2290 366 2318 ratur:
390 2291 490 2318 extra
519 2292 622 2318 terrae
634 2294 749 2320 venas
768 2283 908 2320 eodem
922 2284 1046 2320 modo
1058 2286 1231 2334 generari
1253 2295 1396 2322 natura:
1414 2296 1528 2333 opera
1542 2311 1552 2328 ‚
1568 2285 1606 2321 &
1627 2280 1772 2320 artifice

243 2338 425 2373 materias
455 2336 617 2373 idoneas
640 2337 795 2375 tanturn
829 2342 1091 2387 conjungente
1117 2335 1261 2388 putant.
1329 2341 1376 2377 Hi
1399 2340 1516 2377 nocte
1536 2336 1676 2386 diedue
1696 2337 1771 2374 stu-

244 2390 351 2433 dent,
370 2390 571 2435 laborant,
587 2394 771 2442 vigilant,
796 2393 1009 2442 sumptibus
1035 2406 1116 2431 non
1144 2404 1328 2443 parcunt,
1352 2407 1396 2432 ac
1417 2395 1514 2431 nihil
1534 2396 1771 2431 intentatum

242 2446 481 2492 relinquunt,
506 2456 545 2482 ut
566 2450 648 2484 voti
669 2458 873 2496 compotes
894 2448 1009 2486 fiant:
1036 2449 1094 2486 secl
1121 2449 1253 2487 frustra
1279 2451 1529 2498 plerumque,
1554 2445 1663 2497 quod
1694 2447 1770 2485 illis

243 2499 373 2537 solum
394 2512 555 2538 aureum
582 2503 688 2540 hunc
707 2515 860 2541 ramum
873 2515 1026 2552 carpere
1043 2505 1165 2547 liceat,
1181 2517 1281 2552 quos
1295 2505 1374 2542 fata
1397 2515 1586 2543 vocarunt
1599 2532 1608 2548 ,
1625 2515 1669 2541 ac
1682 2504 1768 2551 qui-

242 2557 316 2592 bus
343 2555 447 2592 Deus
470 2558 622 2593 tantuin
641 2558 876 2596 beneficium
897 2560 1072 2608 largitur,
1094 2571 1138 2596 ac
1161 2562 1300 2597 mentis
1327 2561 1466 2597 oculos
1487 2561 1623 2609 aperit:
1644 2568 1685 2595 ut
1697 2570 1767 2595 na-

239 2619 368 2648 turam
380 2612 518 2648 ducem
534 2611 804 2660 &quantunac
819 2614 960 2658 rejec‘tis
976 2616 1106 2651 minus
1124 2616 1276 2652 idoneis
1290 2618 1326 2653 ὅ(
1343 2615 1511 2658 sordidis,
1544 2613 1768 2664 prolificum

242 2666 372 2703 semen
388 2667 436 2702 ab
459 2677 578 2702 aureo
599 2679 725 2712 ramo,
742 2668 766 2705 si
788 2680 928 2706 aurum
951 2671 1105 2718 gignere
1125 2671 1255 2713 velint,
1273 2672 1408 2708 elicere
1429 2669 1768 2719 aptisinstrumen-

242 2721 302 2761 tis,
317 2716 475 2766 aquisve
490 2720 727 2760 solventibus
741 2723 909 2770 ejusdem
933 2736 1142 2768 narutae‚cx
1159 2726 1300 2772 quibus
1313 2738 1444 2763 ramus
1465 2722 1661 2762 intrinsece
1673 2735 1766 2760 con-

244 2775 324 2815 stat,
341 2785 548 2814 conentur.
610 2777 755 2815 Verum
780 2779 1018 2816 instrumenti
1053 2782 1275 2823 materiam,
1298 2793 1420 2828 quam
1445 2781 1581 2817 omnia
1611 2779 1767 2816 metalla

244 2830 284 2866 in
306 2829 341 2866 se
363 2833 582 2877 continent,
598 2834 880 2881 paucinorunt.
937 2834 1178 2884 Philosophi,
1191 2836 1365 2880 chimici,
1381 2837 1614 2873 unanimiter
1627 2845 1766 2871 omnes

1568 2891 1618 2926 ita
1632 2887 1765 2926 descri-
