1877 3277
423 327 611 378 NON
660 326 853 378 TALI
911 326 1269 379 AUXILIO.
1520 268 1613 314 ‘¹8'

233 426 443 464 AEthnam
469 436 649 464 montem
670 428 711 465 in
737 428 863 465 Sicilia
878 455 888 470 ‚
912 429 951 464 &
972 428 1135 467 Hcclarn
1158 431 1199 467 in
1224 429 1387 468 issandia
1401 441 1609 481 perpetuos

81 494 261 520 evomere
284 485 390 532 ignes
416 482 645 531 sulphureos
658 510 669 526 ,
691 495 736 520 ac
756 481 857 520 vaste
876 485 1013 520 omnia
1033 495 1212 529 exurere,
1236 487 1357 524 cuivis
1375 497 1518 525 notum
1542 489 1609 529 est.

80 539 135 575 Vt
154 547 286 575 autem
309 538 561 575 nulliimbrcs
575 566 586 582 ,
610 536 804 587 nullaec'lue
816 538 953 587 pluviae
973 540 1181 588 ignesistos
1201 542 1422 591 extinguere
1443 542 1606 591 possunt:

78 595 130 631 ita
145 594 268 643 Mysta
290 593 489 630 ostendere
512 593 648 636 voluit,
661 593 734 632 hac
747 593 1028 643 Hierographia
1040 593 1076 631 se
1085 597 1202 633 etiam
1215 598 1303 646 igne
1313 598 1455 659 uti3qui
1472 600 1539 637 tali
1562 611 1608 637 ac

78 650 228 699 vulgari
239 650 387 686 auxilio
402 660 483 684 non
498 649 659 687 tollitur
717 649 902 686 Existimo
916 659 1046 686 autem
1059 650 1239 689 flammas
1252 654 1397 689 amoris
1421 654 1608 704 intellige

78 717 131 748 re,
145 716 228 753 quae
241 704 432 740 medullas
449 714 636 747 exurunt,
664 701 950 752 hominemque
972 705 1164 743 interdum
1182 708 1230 743 ad
1248 707 1456 752 insaniam,
1470 710 1530 747 vel
1549 719 1607 747 ta-

77 761 166 797 bem
188 760 379 809 redigunt,
395 760 484 796 aeid
498 732 657 804 habeni,
670 768 710 795 ut
725 758 807 807 quo
820 762 944 809 magis
963 770 1153 810 tegantur,
1167 764 1290 813 magis
1317 763 1489 809 ardeant,
1512 766 1606 804 Ovi-

75 816 143 852 dio
165 815 262 852 teste:

363 865 513 937 Qoq}
538 869 673 932 magis
701 870 867 932 tegitur,
888 871 1022 919 tebius
1044 871 1181 937 magis
1202 868 1347 938 afluat
1373 875 1491 938 ignis.

193 940 238 978 Et
251 939 363 977 alibi:

361 991 482 1061 Q
505 996 620 1042 euim
639 992 735 1045 bene
761 994 871 1043 caelat
890 1012 1083 1048 amorem
1099 997 1127 1050 ἓ

288 1063 457 1112 Eminet
479 1066 622 1113 indicio
633 1069 800 1129 prodita
808 1066 1104 1133 stammafho.

221 1157 456 1206 Exemplum
470 1156 710 1193 vehementis
723 1159 868 1195 amoris
881 1168 1006 1196 narrat
1020 1158 1195 1196 Valerius
1210 1159 1318 1196 Max.
1330 1159 1602 1199 Seleucinem-

70 1222 116 1260 pe
125 1213 218 1260 tegis
242 1211 370 1250 filium
398 1212 645 1250 Antiochum
679 1224 851 1249 novercae
880 1214 1113 1251 Stratonices
1145 1226 1282 1252 amore
1305 1227 1528 1265 correptum
1552 1218 1603 1254 ad

69 1277 288 1304 extremum
309 1268 535 1311 decubfflffe,
555 1268 891 1305 &moribundum
913 1271 1008 1315 jam,
1023 1269 1215 1307 Erifistrati
1234 1271 1373 1308 medici
1385 1272 1602 1320 prudentia,

68 1334 250 1360 amorem
269 1335 356 1372 erga
371 1324 627 1361 Stratonicem
640 1323 919 1372 deprehensum
930 1323 1039 1362 fuisse
1050 1338 1058 1361 :
1071 1322 1180 1373 quod
1194 1324 1284 1363 cum
1297 1326 1363 1363 illa
1386 1323 1600 1377 ingredere-

65 1389 125 1415 tur
136 1378 374 1422 cubiculum,
388 1379 530 1416 rubore
545 1378 848 1426 perfunderetur,
861 1381 900 1416 ὅ(
914 1380 1007 1423 cum,
1018 1380 1264 1429 conderetur,
1273 1383 1407 1419 iterum
1422 1382 1601 1431 pallesce-

65 1443 135 1477 ret,
150 1445 195 1470 ac
207 1433 413 1477 anhelitus,
440 1437 477 1471 Sc
493 1433 621 1482 pulsus
645 1433 752 1471 ficret
775 1437 962 1473 mutatio:
985 1447 1029 1473 ac
1040 1445 1241 1485 propterea
1263 1450 1285 1473 a
1299 1446 1404 1485 patre
1423 1438 1600 1476 conccffa

66 1489 287 1526 Stratonice
297 1489 424 1526 filium
435 1489 545 1527 fuisse
559 1502 579 1528 v
583 1490 770 1526 aletudini
783 1490 1006 1528 restitutum.
1040 1490 1220 1529 Fortassis
1232 1492 1412 1541 Princeps
1424 1495 1604 1543 conjugis

67 1543 149 1582 suae
153 1555 291 1582 amore
311 1543 347 1582 se
368 1547 418 1582 ita
444 1545 614 1595 flagrare,
629 1542 819 1594 nullaque
839 1546 977 1590 aliare,
991 1545 1112 1594 quim
1130 1546 1244 1596 ipsius
1264 1549 1393 1598 copia,
1407 1550 1444 1586 ὅ(
1458 1549 1602 1605 praeseu

66 1601 142 1646 tia,
166 1599 348 1639 flammas
358 1602 504 1640 amoris
525 1601 701 1652 extingui
711 1599 829 1651 poste,
843 1601 1042 1640 ostendere
1056 1615 1078 1641 v
1081 1602 1192 1641 oluit.

526 1713 654 1765 HIS
729 1714 1157 1771 SuFFuLTA„

139 1852 142 1854 ,
217 1809 443 1859 Respondet
462 1808 537 1846 hac
557 1810 840 1859 Hierographia
866 1823 967 1853 uxot
987 1812 1143 1854 marito,
1165 1821 1263 1849 aeut
1288 1811 1353 1849 ille
1375 1812 1491 1861 priori
1505 1811 1597 1849 Hie-

61 1866 269 1916 rographia
284 1865 426 1915 absque
441 1877 561 1902 uxore
580 1868 701 1903 vivere
717 1878 800 1903 non
817 1866 932 1915 posse,
950 1867 999 1903 ita
1013 1878 1085 1903 nec
1098 1866 1133 1903 se
1145 1866 1291 1915 absque
1311 1869 1456 1905 marito
1477 1869 1598 1904 vitam

63 1923 185 1959 ullam
210 1921 350 1959 habere
365 1949 374 1964 ,
400 1921 578 1957 ostendit:
624 1920 760 1958 Refert
772 1924 879 1959 enim
900 1922 1016 1959 arbor
1038 1921 1314 1970 Principiffam‚
1336 1925 1374 1960 &
1390 1922 1457 1960 Sol
1478 1923 1595 1959 mari-

61 1987 169 2014 tum:
190 1987 229 2014 ut
243 1977 348 2013 enim
362 1978 476 2013 arbor
492 1977 607 2019 virere
626 1978 664 2013 &
687 1979 821 2020 vivete,
846 1976 914 2013 nisi
937 1976 958 2013 ὲ
982 1977 1083 2013 Solis
1107 1977 1220 2021 radiis
1234 1978 1433 2014 illustretur
1447 2005 1455 2021 ‚
1481 1980 1518 2014 <Sc
1534 1977 1596 2013 fo-

62 2043 206 2075 veatur,
223 2044 306 2069 non
332 2032 474 2081 potest:
499 2033 551 2069 ita
565 2029 727 2083 nccjilla,
743 2032 812 2069 nisi
837 2032 958 2068 indies
972 2033 1041 2069 viri
1066 2031 1257 2081 praesentia
1286 2033 1448 2070 fruatur:
1506 2033 1598 2069 Haec

61 2090 165 2125 enim
188 2086 406 2136 conjugalis
425 2089 570 2124 amoris
592 2098 727 2125 vetum
759 2087 1048 2130 fulcimentum,
1062 2089 1100 2124 &
1118 2088 1307 2136 pabulum
1327 2089 1390 2131 est,
1408 2088 1486 2124 fine
1511 2099 1596 2136 quo

61 2144 206 2192 lugent,
229 2145 268 2180 ὅ(
285 2141 491 2179 tabescunt
513 2143 591 2180 veri
612 2152 799 2179 amantes.
857 2142 1090 2191 Conjugalis
1113 2145 1260 2179 amoris
1281 2143 1506 2191 exemplum
1520 2154 1592 2191 prae

56 2200 192 2236 caeten‘s
216 2197 372 2246 praebuit
419 2196 671 2246 Hispictatea,
687 2198 1023 2246 Mithridataeregis
1048 2198 1296 2235 Pontiuxor:
1329 2199 1460 2236 Mariti
1484 2199 1592 2235 enim

58 2253 185 2295 causa,
200 2255 434 2302 praecipuum
458 2253 594 2290 formae
614 2252 688 2301 [αῖς
705 2254 886 2290 decorem
936 2255 975 2289 in
999 2253 1177 2290 habitum
1193 2254 1343 2290 virilem
1354 2266 1454 2291 conx
1459 2254 1564 2290 ertit:

58 2308 200 2347 Tonfis
224 2310 330 2346 enim
355 2307 525 2356 capillis,
554 2319 673 2356 equo,
697 2310 734 2345 δε
749 2311 868 2345 armis
890 2308 925 2344 se
948 2307 1155 2346 assvefecit
1178 2307 1262 2356 quo
1283 2308 1433 2346 facilius
1453 2309 1593 2345 labori

60 2366 150 2408 bus,
178 2367 215 2402 &
238 2364 414 2413 periculis
440 2365 565 2400 mariti
588 2362 784 2400 interesset.
839 2364 1068 2415 Qnetiam
1096 2364 1241 2400 vidium
1267 2363 1287 2400 ὲ
1313 2364 1362 2404 C
1386 2365 1591 2412 Pompeio,

55 2432 122 2469 per
141 2393 315 2458 'efferatas
337 2428 468 2467 gentes
492 2418 706 2467 fugientem
722 2447 731 2462 ‚
757 2420 895 2460 animo
916 2420 1062 2466 pariter,
1088 2421 1126 2455 δε
1156 2431 1318 2467 corpore
1354 2419 1591 2468 infatigabili

57 2474 216 2523 sequuta
242 2475 312 2511 est:
339 2473 462 2519 Cujus
481 2483 588 2510 tanta
616 2473 712 2512 fides
735 2473 975 2522 asperarum,
1001 2476 1039 2511 ὅ(
1062 2474 1277 2511 difficilium
1290 2487 1419 2512 terum
1436 2474 1589 2511 Mithri-

56 2531 165 2575 datae,
188 2531 410 2566 maximum
435 2528 640 2574 solatium,
667 2531 706 2568 ὅ(
730 2528 1055 2576 jucundissimum
1090 2530 1350 2572 lenimentum
1383 2530 1481 2573 fuit,
1499 2529 1589 2571 teste

58 2586 374 2626 Vatmaximo.

368 2699 524 2747 PRAE
572 2697 829 2748 ΝΙΜΙΟ
883 2696 1286 2748 PONDERE.

201 2799 256 2838 Vt
278 2799 368 2848 equi
388 2798 548 2836 rhedam
563 2806 693 2846 piaeter
714 2793 880 2831 modum
905 2802 1131 2835 oneratam,
1146 2792 1294 2829 trahere
1313 2803 1394 2828 non
1417 2790 1582 2839 possunt,

55 2855 92 2890 δε
115 2865 187 2902 prae
210 2856 338 2892 nimio
360 2854 529 2902 pondere
542 2851 744 2901 procedere
757 2848 932 2885 ulteriusi
926 2849 1212 2897 mpediuntur:
1226 2849 1276 2884 ita
1296 2848 1484 2895 principes
1516 2847 1584 2882 viri

51 2909 323 2958 gubernaculis
354 2921 483 2947 rerum
517 2908 705 2958 praefecti,
727 2905 752 2943 si
777 2904 1028 2942 multitudine
1062 2904 1314 2952 negotiorum
1343 2903 1583 2942 obruantur,

864 2960 902 2996 R
1355 2958 1393 2998 ὅ(
1415 2958 1581 3006 impares
