1877 3277
386 232 519 301 XCI.
553 244 1327 303 HIER‘OGRAPHIA.
1518 195 1612 251 '⁸³‘

157 348 320 388 Gallina
328 352 470 389 matrix
487 352 719 391 Columellae
729 351 793 398 est,
809 364 896 402 quae
903 352 1021 402 pullis
1034 353 1207 393 incubat.
1262 355 1308 392 Et
1322 354 1510 394 omnibus
1524 354 1615 407 glo

74 404 81 410 ’
103 405 224 449 ciens,
238 405 573 453 autincubutura‚
598 411 861 453 autexcitata,
879 409 1131 460 indignanter
1146 413 1183 450 ὃς
1199 408 1310 448 acute
1331 411 1479 460 aliquid
1505 413 1610 451 into-

77 470 79 474 ’
105 473 222 500 nans
293 462 382 500 Has
388 475 504 501 voces
516 464 614 501 duas
636 465 736 502 mihi
757 466 798 502 in
815 476 1053 502 memoriam
1064 477 1126 503 rex
1131 478 1224 510 oco,
1246 467 1354 515 quod
1367 479 1449 505 rem
1461 478 1610 507 utram-

104 528 182 565 que
202 516 382 566 Sculptor
401 518 470 556 sub
494 519 634 557 oculos
652 520 825 559 adduxit.
881 521 1057 570 Ingratus
1081 524 1190 559 enim
1213 523 1365 559 advena
1388 522 1611 573 Accipiter,

72 570 82 592 ⁴'
104 572 307 610 Gallinam
323 586 367 611 ex
384 577 585 624 puerperio
608 576 761 613 excitat.
817 575 889 613 Illa
910 578 1089 622 jamnon
1110 578 1255 627 gallina
1279 579 1424 628 glocit,
1458 582 1496 618 ὅ(
1518 582 1614 635 galli

99 627 126 665 s
130 628 264 665 milior
275 629 405 667 cristas
415 632 539 681 erigit,
554 631 687 680 pandit
697 631 791 674 alas,
804 632 842 668 ὅ(
856 634 939 679 quo
949 631 1070 684 potest
1080 634 1274 682 tegmine,
1301 632 1479 672 sobolem
1502 629 1609 687 tegit,

74 691 79 695 ·
101 683 161 721 vel
175 683 230 721 sui
241 686 459 732 periculo,
444 698 465 723 a
480 687 917 734 periculovindicatura.
972 687 1076 725 Mira
1099 698 1244 726 naturae
1267 690 1336 726 xis,
1372 701 1451 737 qua
1465 702 1612 731 naturae

70 738 110 758 -““·“
99 738 214 788 ipsius
227 740 412 779 eonditor
430 742 643 782 delectatus
656 742 718 780 est
763 742 808 779 Et
819 742 870 779 est
883 742 1045 787 Homo,
1060 741 1176 780 tanto
1191 744 1448 793 praestanrior,
1465 749 1609 795 quovis

71 802 75 804 ’
98 795 398 834 alioanimante
402 799 534 846 quiin
550 798 688 835 liberos
693 798 969 847 ‚propinquOS,
975 798 1039 835 sua
1051 797 1203 843 viscera,
1207 799 1359 836 crudele
1370 800 1517 850 stringit
1532 803 1608 841 fer-

74 858 79 862 ’
100 850 216 889 rum?
247 861 315 889 aut
341 854 522 902 capitalia
555 855 729 902 concipit
746 853 934 891 consilia?
967 854 1044 891 edit
1066 855 1252 892 mandata
1268 857 1280 892 ?
1309 856 1381 892 Sed
1401 857 1616 896 audiamus.

73 906 78 928 ῑ
98 904 184 945 non
199 904 403 945 Gallinam
413 908 731 958 glocientem,sed
747 907 951 946 Comitem
966 906 1067 959 regie
1080 910 1332 958 loquentem:
1352 911 1479 949 Dulce
1492 915 1530 951 ὄε
1544 914 1608 951 de-

99 960 257 1008 corum,
271 974 342 1018 pro
355 966 473 1013 patria
487 966 604 1002 mori.
659 965 734 1002 Hic
755 965 861 1001 enim
876 976 960 1001 non
975 964 1087 1002 suum
1103 963 1228 1002 modo
1243 965 1488 1016 sanguinem,
1500 969 1612 1018 quod

97 1027 232 1056 tamen
268 1030 400 1064 rarum
433 1020 484 1057 est
515 1021 556 1058 in
581 1020 768 1070 potestate
803 1020 817 1068 (
833 1019 1061 1058 Plutarchus
1091 1032 1207 1058 enim
1234 1032 1380 1060 natura:
1415 1033 1484 1060 aut
1506 1035 1606 1062 con·

102 1072 318 1114 lut-tudinis
331 1087 416 1113 non
428 1077 600 1125 ignarus,
613 1085 655 1112 ut
669 1075 960 1115 Mathematicis
986 1074 1050 1115 sua
1064 1077 1279 1120 axiomata,
1294 1078 1494 1128 Tyrannis
1509 1091 1610 1118 con-

72 1129 272 1168 “cedenda
286 1128 477 1168 existimat
490 1130 844 1193 parricidia)verum
858 1132 991 1176 etiam,
1006 1132 1046 1168 in
1061 1131 1252 1178 subjectos
1266 1133 1608 1198 imperio,sangui-

96 1197 146 1224 ne
159 1184 229 1224 suo
241 1188 407 1224 cariores
419 1187 539 1224 ducit.
596 1187 717 1224 Poeta
732 1187 837 1224 enirn
852 1198 935 1224 non
951 1198 1022 1250 pro
1039 1186 1207 1225 famili-a.
1229 1187 1304 1232 sed,
1319 1200 1392 1237 pro
1417 1192 1536 1239 patria
1550 1192 1612 1229 di·

70 1242 159 1278 ''cit.
218 1242 263 1280 Et
280 1241 436 1285 Codrus
455 1240 633 1292 profesto
645 1271 655 1285 ‚
679 1254 751 1292 pro
764 1243 884 1292 patria
898 1244 935 1281 ὅ(
947 1244 1093 1280 civium
1108 1241 1241 1286 salute,
1267 1244 1352 1291 Dijs
1364 1245 1554 1284 Manibus
1568 1246 1607 1285 se

76 1297 271 1336 ⁵dev0vit,
328 1299 479 1336 Rarum
504 1299 742 1348 exemplum.
778 1296 1023 1347 Qorarius,
1036 1297 1086 1336 eo
1100 1299 1347 1337 laudabilius.
1374 1299 1610 1352 Atdignum

71 1367 73 1369 ¹
85 1349 88 1371 ²
99 1353 290 1403 Principe.
312 1354 468 1391 sienim
486 1355 665 1404 Princeps
677 1353 742 1398 est,
755 1363 797 1391 ut
807 1353 872 1398 est,
884 1363 1002 1403 caput
1015 1355 1128 1404 Reip.
1144 1366 1229 1393 non
1241 1354 1394 1392 deberet
1406 1358 1610 1396 minorem

93 1407 238 1448 habere
247 1410 438 1447 rationem
453 1408 626 1453 suorum,
641 1421 763 1458 quam
775 1408 842 1446 lui.
855 1410 1199 1458 quemadmodum
1212 1420 1330 1460 caput
1342 1412 1534 1457 videmus,
1538 1425 1607 1451 cu·

97 1475 180 1508 tare
194 1475 295 1503 artus
308 1463 418 1503 suos:
431 1467 469 1503 ὅ(
480 1465 509 1516 ,fi
506 1465 627 1514 quod
643 1465 869 1511 membrum
881 1465 1065 1516 langueat
1078 1477 1185 1508 anon
1197 1466 1473 1515 minushujus,
1487 1468 1611 1517 quam

96 1518 167 1559 suo
178 1520 318 1559 dolore
331 1516 447 1566 affici,
459 1519 568 1571 angi,
581 1523 620 1559 ὃς
632 1521 820 1571 torqueri.

399 1629 562 1683 XCII.
620 1632 717 1682 HI
732 1633 828 1682 ER
842 1624 1311 1682 OGRAPHJA.

151 1732 235 1784 Qi
246 1731 497 1777 nihil-haber,
512 1733 621 1781 quod
634 1737 746 1783 agan
768 1742 886 1776 emat,
900 1733 1027 1780 inquit
1040 1732 1116 1775 ille,
1129 1733 1263 1770 navim
1278 1761 1288 1777 ‚
1303 1734 1342 1770 &
1357 1744 1520 1771 uxorem
1534 1734 1608 1773 du-

85 1795 170 1828 cat.
228 1790 353 1826 Ratio
365 1790 408 1826 in
423 1800 580 1838 promtu
591 1789 641 1826 est
656 1818 665 1833 ,
680 1789 789 1837 quod
815 1790 854 1826 in
869 1789 983 1825 rebus
996 1786 1151 1837 pertufis
1165 1816 1174 1832 ,
1198 1787 1347 1837 semper
1367 1789 1418 1826 est
1441 1790 1605 1839 aliquid,

88 1844 205 1893 'quod
219 1844 434 1883 obturetur.
489 1846 563 1882 Hic
576 1857 659 1882 non
672 1845 719 1882 de
732 1845 886 1887 refesta,
903 1842 964 1880 sed
977 1843 1144 1894 perfecta
1168 1846 1261 1882 navi
1280 1846 1466 1892 loquitur.
1520 1847 1609 1883 iam

98 1901 206 1937 enim
223 1899 297 1938 suis
311 1897 484 1938 numeris
497 1900 675 1938 absoluta
689 1928 700 1944 ,
714 1901 838 1937 altum
850 1908 965 1936 tenet.
1022 1901 1067 1937 In
1083 1900 1218 1937 alvum
1231 1899 1609 1944 descende-,carinam

96 1955 260 1993 scrutare
271 1984 282 1997 ,
305 1956 479 1993 cinnum
492 1950 663 2005 ιιιιιεᾶει,
678 1955 843 1993 stamina
857 1957 1009 1992 intuere
1020 1983 1030 1999 ‚
1045 1956 1084 1993 in
1100 1955 1243 2004 stegam
1258 1954 1440 2000 ascende,
1464 1968 1605 2005 ageam

97 2012 288 2061 percurre,
302 2010 324 2048 ὲ
337 2023 449 2060 prora
465 2012 512 2049 ad
525 2013 687 2061 puppim
699 2023 836 2061 vagare
846 2039 855 2054 ‚
868 2009 887 2047 ὲ
903 2012 1063 2048 croteria
1079 2011 1215 2047 mirare
1227 2039 1238 2056 ,
1261 2011 1424 2048 tutelam
1437 2014 1547 2059 cujus
1561 2011 1607 2050 fit

77 2098 81 2101 .
99 2067 245 2111 vidc,in
260 2067 382 2104 oculo‘
397 2068 537 2104 oculos
552 2067 710 2110 habe,in
724 2067 842 2105 rostra
857 2065 981 2102 visum
994 2066 1266 2115 Porrige,forcs
1280 2076 1406 2104 nauta:
1418 2067 1606 2112 habeant,

91 2123 252 2161 'transtra
264 2124 426 2172 remiges
439 2121 656 2171 poffideant
676 2123 742 2169 (est
756 2123 863 2159 enim
876 2124 911 2158 ὅ(
925 2122 1053 2158 contis
1067 2123 1105 2159 ὅ(
1119 2123 1234 2158 remis
1249 2123 1289 2158 in
1302 2123 1394 2158 navi
1410 2122 1605 2170 locus)ve-

97 2179 132 2217 la
145 2178 350 2228 distingue,
366 2179 470 2216 mala
485 2179 612 2229 lignea
626 2206 637 2222 ,
650 2179 688 2215 ὅ(
702 2178 838 2215 corbes
849 2177 1062 2214 considera.
1082 2176 1277 2225 dejestisqs
1289 2177 1602 2215 oculisferrumi·

97 2245 209 2272 natas
222 2232 489 2271 commissuras
503 2233 675 2271 observa.
720 2233 833 2272 Nihil
846 2234 913 2269 erit
926 2230 1025 2270 forte
1038 2234 1077 2268 in
1090 2242 1173 2270 tota
1189 2234 1303 2277 navi,
1316 2233 1424 2281 quod
1439 2233 1463 2271 fi
1477 2246 1603 2282 equus

95 2289 141 2328 sis
155 2290 286 2334 iudex,
298 2288 527 2327 desideraris.
585 2290 663 2327 Isto
685 2289 944 2332 currumaris,
958 2287 1007 2324 sic
1020 2289 1126 2325 enim
1140 2288 1338 2327 Homerus
1357 2290 1539 2337 appellat,
1554 2289 1609 2330 fic,

93 2344 236 2383 affeno
250 2347 288 2383 δί
303 2345 488 2394 perfecto,
504 2345 653 2394 Comes
666 2345 944 2393 Arenbcrgius,
959 2342 1059 2379 nihil
1079 2341 1148 2380 esse
1161 2353 1243 2380 tam
1265 2342 1477 2393 operosum
1501 2345 1598 2389 vult,

94 2401 204 2455 quod
217 2393 393 2449 tempore
407 2413 491 2439 non
506 2399 676 2438 finiatur.
708 2401 747 2438 Si
758 2399 941 2447 industria
954 2398 1112 2436 accedat
1124 2426 1134 2442 ,
1149 2398 1263 2437 labor
1274 2401 1314 2437 δι’
1330 2399 1511 2438 sedulitas
1523 2412 1601 2437 no-

96 2450 182 2497 stra.
239 2456 361 2507 Qod
374 2455 400 2493 fi
414 2457 599 2494 Oceanus
612 2457 702 2493 navi
722 2455 846 2505 subigi
865 2466 911 2492 ac
921 2454 1077 2492 domari
1091 2450 1233 2503 potest3
1251 2462 1346 2505 gens
1368 2457 1484 2493 ctiam
1496 2454 1602 2493 effre-

95 2516 156 2551 nis
170 2514 207 2549 &
222 2511 330 2548 fortis
344 2522 545 2574 ,tempore
565 2510 748 2562 subigitur
761 2522 946 2559 quoque,
962 2509 1010 2546 si
1001 2521 1041 2546 m
1052 2519 1227 2559 tempore
1249 2512 1479 2560 vigilemus:
1500 2512 1537 2549 δε
1563 2513 1605 2549 in

95 2569 346 2610 bellicuram,
362 2568 453 2604 utin
466 2567 654 2604 fabricam
667 2569 777 2605 navis
790 2566 914 2610 fabri,
929 2565 1046 2602 fimus
1066 2561 1217 2603 intenti.
1275 2565 1451 2615 Qbscure
1469 2577 1604 2604 antem

96 2623 371 2673 Magistratum'
389 2618 598 2662 admonet:
619 2634 669 2662 ne
690 2619 807 2660 libere
826 2622 1057 2672 loquendo,
1075 2617 1148 2662 fibi
1163 2620 1241 2674 ipse
1255 2611 1376 2667 obsit,
1398 2609 1501 2665 nihil
1514 2634 1602 2673 pro-

98 2679 150 2718 fit
174 2678 345 2730 Reipub-

820 2788 863 2840 R
1216 2785 1408 2841 XCIII.
1435 2782 1607 2838 HJE,
