1877 3277
239 75 347 127 ‚034

239 140 373 186 cipum
386 137 424 174 δε
441 133 672 180 Civitatum,
685 134 806 171 totius
821 131 1032 172 Christiani
1046 132 1237 180 nominis,
1255 136 1454 172 omnium.
1469 143 1510 172 ut
1520 132 1696 184 pluribus
1716 128 1760 171 P.

239 195 375 230 Iovius
389 191 661 240 nequidquam
672 190 798 227 docet.
826 191 872 227 Et
885 190 1229 238 quemadmodum
1241 190 1459 235 Iason,non
1472 192 1570 228 mari
1581 189 1754 234 tantum,

239 247 300 285 sed
319 251 357 286 ὃ(
371 257 468 285 terra
481 247 644 294 jactatus
656 245 797 285 fertur3
818 245 925 283 haud
940 247 1045 283 aliter
1057 246 1187 283 Turca
1208 256 1306 284 terra
1320 248 1498 294 marique
1511 274 1521 290 ,
1536 258 1584 282 ne
1595 245 1751 289 habeat,

237 302 321 352 quo
337 303 371 341 se
388 312 527 346 vertat,
546 300 694 338 incusso
708 304 745 339 δε
760 301 872 338 illato
883 301 1019 349 undiqs
1032 311 1190 350 terrore,
1209 302 1498 351 oppugnandus
1512 301 1575 338 est.
1632 302 1755 338 Nune

235 359 334 397 dum
346 370 442 396 terra
456 357 606 395 bellum
615 356 821 400 trahimus,
842 358 1018 394 autmari
1032 357 1234 395 ducimus÷
1256 356 1333 405 ipse
1348 358 1443 394 vires
1457 359 1497 393 in
1515 369 1643 393 unum
1656 367 1754 393 con-

236 415 354 453 trahit
370 443 380 459 ,
406 417 443 451 δε
458 410 573 449 facile
588 411 741 448 sustinet
759 413 962 460 impetum.
984 410 1069 449 imo
1085 412 1176 449 cum
1188 425 1272 449 non
1286 422 1431 461 pugnet
1442 413 1511 460 qui
1521 409 1756 456 deberet‚sed

231 473 302 519 qui
315 472 487 520 cogitur:
507 470 545 505 &
560 467 652 503 alter
665 468 820 503 alterius
834 468 999 515 prelium
1014 467 1146 504 ociose
1159 467 1314 517 spectat
1329 468 1486 517 singulis
1497 467 1646 515 aliquid
1660 478 1752 515 prae-
1787 507 1791 512 ,

238 528 338 575 ripir.
363 536 408 562 ac
425 525 465 560 in
489 523 700 566 Medeam,
728 523 765 558 id
790 523 865 566 est,
882 523 983 559 recta
998 522 1158 560 consilia
1183 522 1414 572 sequamur,
1429 525 1488 560 ὅ(
1480 535 1520 559 in
1541 533 1758 559 commune

237 580 490 619 conferamus
506 591 528 617 v
533 580 625 614 ires·
619 600 628 616 >
648 578 758 625 quod
771 569 915 614 rationi
927 577 1171 626 coniequcns
1185 578 1248 622 est,
1262 591 1346 616 non
1361 580 1566 617 vaticinor.
1577 577 1638 615 sed
1651 587 1755 616 vere-

239 650 299 675 or.
356 635 538 673 Brevititi
552 633 701 677 studeo,
726 636 764 670 ὃς
780 632 892 683 fugio
906 634 1103 681 querelas.
1126 635 1219 682 quid
1242 636 1352 671 enim
1371 635 1445 671 tibi
1468 633 1668 671 fastidium
1687 645 1755 682 pa-

235 695 337 731 riam-
353 694 363 728 ἒ
387 700 453 727 aut
464 690 563 726 mihi
576 689 797 726 molestiam
810 717 819 732 ,
836 688 937 725 nihil
952 689 1121 737 Reipub.
1137 689 1384 738 profuturam
1399 691 1409 726 ?
1425 690 1635 737 Praecipites
1646 690 1756 726 enim

237 750 402 791 ruimus,
418 748 458 783 in
476 755 659 782 mutuam
685 745 909 793 perniciem,
935 745 1044 781 bellis
1059 745 1261 782 intestinis.
1317 743 1394 782 Hie
1406 746 1600 794 prolixior
1610 745 1667 782 fui
1682 745 1759 782 stu.

239 805 308 842 dio
324 802 603 852 Mystae1cujus
616 799 826 837 consilium
847 800 1133 849 Hierographia
1153 799 1369 848 expressum
1381 829 1390 844 ‚
1405 800 1455 837 est
1469 800 1625 837 salubrae
1636 803 1673 839 δε
1685 811 1754 838 ne-

236 858 455 898 cess'arium.
479 856 540 893 Ac
562 868 612 893 ne
633 854 799 892 consilio
821 855 973 902 aliquid
991 855 1108 894 desim
1131 856 1395 905 Symbolum(
1421 854 1679 903 Assiduitate)
1703 855 1754 892 ad

240 915 528 964 Hieroglypton
541 911 698 948 accedit.
718 911 827 949 Nam
839 910 1003 948 consilio
1019 911 1177 960 quidem
1190 923 1290 960 opus
1302 912 1351 948 est
1363 909 1452 948 ante
1465 911 1637 950 fastums
1660 911 1720 947 sed
1734 909 1758 947 ἓι

244 971 353 1008 fusto
365 981 450 1007 non
464 968 748 1005 minuandum.
775 966 913 1010 studio,
928 965 1156 1008 assiduitate,
1171 966 1382 1016 diligentia,
1398 966 1527 1015 potius
1553 977 1756 1003 maturan-

239 1027 351 1064 dum.
406 1025 563 1062 Horum
576 1022 602 1059 si
616 1022 736 1059 fidem
749 1021 979 1058 Christianis
993 1022 1116 1059 facere
1127 1050 1136 1065 ‚
1152 1022 1395 1059 Christianus
1410 1023 1590 1071 Princeps
1615 1021 1760 1071 possets

241 1083 405 1124 Tui-cas,
420 1076 506 1117 vere
518 1079 695 1116 Tauros:
717 1076 806 1115 sunt
826 1079 932 1113 enim
952 1078 1176 1114 nostrorum
1187 1079 1314 1123 multi,
1328 1080 1397 1126 qui
1410 1079 1451 1114 in
1464 1078 1681 1116 belluinam
1693 1078 1757 1114 de-

237 1145 471 1188 generarunt
483 1144 666 1172 naturam
681 1160 690 1176 ,
717 1134 786 1181 qui
798 1134 932 1169 Tutcae
943 1134 1189 1170 ancillantur.
1222 1131 1307 1170 imo
1319 1133 1398 1170 hoc
1420 1133 1471 1170 est
1485 1133 1617 1178 robur,
1633 1133 1690 1170 hae
1701 1134 1755 1171 vi-

236 1205 309 1236 res,
324 1194 335 1240 (
349 1192 427 1228 hoc
440 1188 656 1239 praefidium
670 1188 892 1236 Draconis)
914 1188 1059 1226 etiamsi
1070 1190 1202 1238 ignem
1217 1191 1254 1225 δε
1272 1190 1439 1226 Martem
1454 1188 1638 1239 spirarent
1651 1188 1758 1233 ,nul-

231 1251 273 1286 lo
300 1248 469 1297 negocio
505 1243 796 1293 subjugarcmus
808 1272 818 1287 ,
846 1246 883 1280 ὅ(
898 1244 1168 1293 frangeremus
1193 1243 1356 1293 spiritus.
1427 1244 1489 1282 Ac
1509 1257 1560 1282 ne
1590 1243 1755 1287 nascan-

239 1315 314 1347 tur,
333 1316 377 1340 ex
393 1301 573 1338 dentibus
588 1301 778 1350 gigantes,
795 1299 832 1336 id
844 1300 908 1344 est,
922 1300 1058 1348 posteri
1070 1300 1288 1347 majoribus
1303 1302 1552 1349 potentiores.
1571 1310 1612 1337 ut
1624 1298 1646 1336 a
1659 1312 1757 1337 con-

235 1360 391 1407 temptis
420 1358 537 1403 initijs
553 1385 563 1400 ‚
597 1356 637 1392 in
662 1354 767 1392 hanc
785 1356 1076 1392 immanitatem
1088 1383 1098 1400 ,
1121 1356 1320 1405 Tyrannis
1355 1355 1529 1405 primum
1553 1364 1757 1393 contemta

235 1414 374 1453 evasus
400 1411 669 1460 abrumpenda
695 1412 829 1447 omnis
845 1410 1016 1454 societas,
1028 1410 1325 1448 rescindendum
1351 1423 1474 1448 omne
1490 1411 1621 1449 foedus
1633 1439 1644 1456 ,
1659 1411 1757 1448 infe-

240 1471 410 1509 rendum
422 1469 492 1504 uni
513 1467 561 1504 ab
578 1466 766 1503 omnibus
792 1467 940 1503 bellum
954 1466 1027 1503 est:
1058 1469 1095 1504 ὅ(
1109 1467 1262 1503 malum
1286 1467 1473 1504 omnibus
1495 1468 1693 1511 infestum,
1707 1466 1760 1503 ab

238 1526 429 1563 omnibus
441 1522 734 1560 eradicandum.
794 1522 854 1558 Sic
867 1521 915 1558 sic
926 1534 1090 1560 aureum
1103 1523 1256 1566 vellus,
1271 1533 1337 1559 aut
1350 1522 1418 1560 sub
1431 1523 1511 1560 hoe
1523 1524 1757 1566 nomen,in-

235 1581 430 1619 credibilis
444 1579 620 1616 Orientis
635 1576 782 1625 semper
794 1577 921 1614 divitis
934 1606 943 1621 ‚
960 1590 1066 1615 nunc
1085 1577 1214 1615 nostra
1239 1577 1391 1616 miseria
1408 1579 1529 1622 ditati,
1543 1590 1651 1628 opes,
1664 1589 1757 1615 cum

242 1638 391 1687 ingenti
404 1635 646 1684 perennique
671 1633 848 1669 nominis
871 1633 996 1681 gloria
1021 1633 1316 1682 reportabimus.
1344 1636 1414 1682 qui
1435 1646 1543 1671 nunc
1562 1636 1659 1670 inter
1682 1645 1758 1670 nos

242 1705 326 1730 non
341 1691 487 1727 minori
501 1688 741 1738 periculo‚de
754 1698 897 1724 mutuo
909 1690 1028 1725 exitio
1041 1690 1295 1725 decertamus.
1353 1691 1560 1738 Qantum
1575 1689 1755 1727 civilibus

239 1758 307 1785 aut
320 1746 528 1784 socialibus
539 1744 664 1786 bellis,
685 1743 781 1786 auri,
798 1742 1377 1792 fiinguinisNirfim,e>:ercitus‚
1392 1743 1535 1782 falsum
1548 1745 1598 1782 est
1613 1747 1624 1781 ἓ
1651 1743 1756 1781 Cad-

236 1817 309 1841 mae
329 1812 461 1839 tamen
476 1799 640 1838 victoria
654 1799 838 1836 vicerunt.
866 1811 1020 1845 omnes,
1036 1799 1061 1838 fi
1075 1802 1144 1849 qui
1165 1801 1354 1839 vicerunt.
1411 1801 1496 1841 Nec
1521 1811 1669 1845 tamen,
1688 1800 1757 1849 qui

232 1859 293 1896 vel
308 1858 378 1897 suo
392 1857 453 1897 vel
464 1856 619 1895 alterius
631 1854 803 1903 periculo
815 1853 944 1906 sapiat.

500 1963 1488 2017 AEUQHIEROGRAPHLA

315 2066 510 2120 Legitime
533 2068 768 2105 certantibus
782 2095 791 2111 ‚
810 2068 943 2116 inquit
955 2066 1102 2117 Mysta:
1125 2069 1162 2104 δι
1179 2077 1447 2115 percoronam
1464 2079 1639 2112 auream,
1652 2069 1734 2117 traij
1747 2088 1756 2098 -

236 2128 479 2176 titgeminos
504 2125 648 2161 Palma:
667 2135 814 2160 ramos.
871 2124 979 2160 Nam
1002 2125 1042 2159 in
1068 2123 1216 2159 ludicro
1240 2124 1471 2167 certamine,
1487 2125 1617 2171 palma
1631 2124 1754 2161 dona-

236 2184 377 2220 bantur
390 2181 523 2223 Graeci,
538 2191 657 2217 aureo
668 2178 887 2216 diademate
898 2179 1165 2227 cingebantur,
1182 2177 1273 2215 cum
1288 2179 1370 2225 alijs
1382 2179 1430 2215 de
1441 2179 1574 2222 causis,
1592 2178 1691 2223 tum,
1714 2189 1757 2217 ut

238 2250 346 2275 nunc
358 2235 626 2286 regnandi.Ac
638 2234 749 2272 divus
764 2234 923 2271 Paullus
935 2234 1096 2281 quidem
1107 2234 1153 2270 ad
1167 2245 1322 2270 morem
1338 2234 1451 2271 istum
1465 2233 1733 2283 respiciens,ex
1742 2256 1755 2265 .

233 2304 336 2330 tatur
347 2304 422 2330 nos
435 2291 483 2328 ad
496 2287 666 2340 legitime
679 2288 926 2327 certandum:
955 2289 1158 2338 Spirituale
1172 2287 1269 2325 illud
1285 2299 1590 2334 certamen‚cum
1604 2290 1750 2334 Carne,

236 2349 411 2391 Mundo,
426 2349 464 2386 δε
480 2346 672 2383 Diabolo.
697 2346 883 2394 proponit
896 2346 1099 2393 praemium
1113 2355 1269 2381 cotonae
1282 2356 1491 2394 nunquam
1515 2345 1754 2382 marcescen—

236 2407 292 2440 tis.
346 2405 446 2440 Non
472 2402 580 2449 quod
593 2413 715 2449 operae
733 2401 893 2443 debitae,
920 2400 999 2437 ulla
1022 2400 1206 2436 debeatur
1227 2411 1389 2436 merces:
1415 2411 1482 2437 aut
1506 2413 1590 2437 non
1614 2400 1700 2437 satis
1713 2399 1756 2437 fit

234 2459 398 2508 praemij,
422 2459 462 2493 in
478 2456 562 2504 ipso
577 2457 651 2492 Dei
665 2455 819 2493 servitio
846 2457 882 2491 ὀ(
899 2455 1029 2492 cultus
1056 2456 1128 2491 Sed
1141 2455 1388 2502 quodanimi
1413 2455 1627 2492 hominum
1652 2457 1750 2493 mvi-

235 2513 559 2561 tenrurpraemijs:
587 2513 624 2547 δε
639 2512 727 2547 licet
748 2523 832 2548 non
845 2511 996 2554 debita,
1023 2510 1366 2548 Virtuti&Pietari
1390 2510 1496 2547 Deus
1520 2512 1676 2559 praemia
1699 2522 1751 2547 re-

235 2569 388 2618 pendat.
446 2568 550 2602 Hinc
565 2566 691 2615 Mysta
704 2565 794 2603 cum
807 2568 958 2614 praemia
975 2567 1173 2614 proponit,
1188 2566 1271 2602 tum
1289 2578 1331 2601 ca
1356 2567 1555 2615 distinguit
1578 2578 1753 2614 quoque.

233 2625 325 2662 Alia
340 2625 445 2659 enim
468 2620 555 2657 sunt
578 2623 732 2669 praemia
754 2622 902 2667 justa&
927 2621 1043 2666 hujus
1057 2623 1159 2657 vitat:
1187 2624 1223 2657 δε
1251 2621 1327 2657 alia
1349 2632 1501 2658 :eterna
1562 2622 1753 2670 Proponit

234 2690 367 2716 autem
383 2678 522 2714 eodem
535 2676 800 2725 coniili0,quo
816 2677 985 2713 Paullus.
999 2689 1082 2724 quo
1096 2677 1225 2712 bonus
1242 2677 1372 2725 legum
1387 2687 1452 2712 aut
1471 2678 1583 2720 lator,
1598 2687 1665 2713 aut
1684 2689 1750 2726 gu-

230 2737 426 2774 bernator.
440 2735 477 2771 ὅ(
491 2742 532 2770 ut
545 2733 738 2770 beatitatis
751 2741 896 2769 aeternae
910 2731 1160 2783 gratianum
1171 2729 1287 2769 dubie
1303 2731 1564 2770 &foelicitatis
1579 2733 1749 2779 Reipub.

1642 2788 1751 2825 Nam
