1877 3277
550 319 780 372 HAuD
847 318 1172 371 Mirm.
1516 258 1608 316 '8⁹'

233 415 337 451 Inter
349 413 527 464 augustas
543 415 695 451 arbores
710 416 839 452 Palma
865 416 1051 459 censetur,
1067 414 1173 464 quod
1202 427 1243 452 ea
1257 416 1433 458 vie'tores,
1449 417 1485 451 &
1502 416 1541 451 in
1556 426 1613 451 ur-

81 468 168 504 bem
181 469 434 517 ingredientes
450 469 702 517 Imperatores
715 472 1014 519 triumphantes,
1030 473 1069 508 in
1083 470 1233 520 signum
1249 472 1411 507 vieconae
1424 481 1613 507 ornaren-

82 532 204 564 tur,ac
215 535 511 561 coronarentur.
566 524 772 561 Di-stinffio
784 527 880 563 inter
896 527 1045 574 palmas
1060 526 1168 563 sexus
1181 526 1242 566 est,
1255 538 1297 562 ac
1313 527 1613 573 femellae,appe-

80 580 172 615 titus
187 579 427 616 masculitam
440 580 665 623 vehemens,
680 589 721 616 ut
734 578 757 616 fi
773 592 854 618 non
867 582 1003 630 procul
1014 580 1120 624 absit,
1135 582 1182 617 ad
1195 582 1306 617 illum
1322 593 1452 618 ramos
1465 583 1502 618 &
1515 580 1614 617 folia

81 634 256 677 inclinet,
279 633 407 682 soloss
421 634 553 672 afflatu
567 637 605 671 ὅ(
619 635 824 678 odore‚aut
838 638 991 685 pulvere
1005 637 1198 674 foliorum
1211 640 1291 678 ejus
1303 636 1612 684 asperia,fru6tus

80 689 209 726 faciat.
240 690 331 727 Sola
356 691 525 739 plantata
542 689 673 726 sterilis
687 701 834 730 manet.
871 693 959 728 Hoc
982 693 1100 729 etiam
1123 693 1315 739 peculiare
1333 692 1450 728 habet
1469 691 1614 739 palma,

81 756 120 780 ut
146 745 339 792 phoenicis
362 747 442 782 avis
463 745 591 788 inst-ar,
605 745 702 781 dum
715 744 821 783 senio
843 748 1001 784 autalio
1021 746 1107 784 casu
1130 748 1310 783 interierit
1325 775 1334 789 ,
1358 749 1498 783 iterum
1518 745 1539 782 a
1564 745 1615 782 se-

78 799 155 847 ipsa
179 800 414 842 renascatur,
446 812 492 837 ac
516 801 809 850 perpetuitatem
841 802 1030 839 obtineat.
1088 802 1240 838 Deinde
1269 813 1311 838 ut
1342 801 1502 843 fructus,
1527 812 1615 837 non

79 857 175 892 circa
200 857 351 893 medios
372 868 527 899 ramos,
555 855 613 892 sed
638 857 678 892 in
700 854 920 895 summitate
943 857 1155 906 producat,
1182 868 1226 893 ac
1246 868 1295 894 eo
1318 856 1407 899 loci,
1422 858 1487 893 ubi
1510 855 1531 892 a
1547 856 1616 892 So-

81 911 114 946 le
138 911 278 953 foxeffi,
308 923 351 948 ac
373 911 538 948 calefieri
562 909 689 959 possit.
744 913 850 949 Nam
869 913 965 949 dum
990 913 1090 949 Solis
1113 911 1268 960 aspectu
1293 914 1329 949 ἔ(
1351 913 1464 956 radiis
1489 913 1615 959 priva·

79 976 153 1008 tur,
179 968 308 1003 nullos
327 967 404 1003 edit
427 966 585 1004 fruetus.
623 967 709 1003 Huc
733 967 911 1016 respicere
933 967 1061 1015 Mysta
1087 968 1244 1010 videtur,
1259 968 1354 1004 dum
1367 969 1418 1003 ait
1444 966 1615 1015 Symbo-

78 1021 142 1059 lo;
168 1022 201 1058 se
242 1023 277 1060 H
305 1022 341 1058 A
369 1023 406 1058 V
428 1022 463 1058 D
519 1021 617 1072 AL
644 1021 714 1058 1T
739 1022 767 1058 E
795 1024 832 1060 R
879 1023 1028 1060 fructus
1057 1022 1207 1060 facere:
1239 1023 1330 1058 Sole
1353 1023 1458 1058 enim
1483 1022 1617 1059 Deum

81 1077 173 1125 Opt.
195 1078 305 1116 Max.
331 1078 492 1127 intelligi
517 1076 621 1120 vult,
650 1076 698 1113 ad
731 1089 849 1125 quem
880 1089 1079 1122 mentem,
1111 1090 1155 1115 ac
1178 1089 1316 1114 omnes
1350 1079 1473 1114 animi
1493 1079 1613 1119 virm,

79 1142 121 1169 ut
142 1127 223 1177 eius
250 1145 326 1181 ope
347 1136 385 1171 δε
419 1133 573 1170 auxilio
600 1132 747 1180 aliquid
776 1133 874 1171 boni
895 1134 1068 1182 proferre
1086 1132 1223 1182 possit,
1239 1134 1375 1181 dirigit:
1456 1131 1618 1178 Absque

80 1189 186 1224 enim
208 1188 310 1226 illius
340 1188 476 1232 radijs,
500 1199 545 1225 ac
567 1188 763 1225 benevolo
795 1187 972 1238 aspicem,
1003 1190 1067 1226 'vix
1091 1188 1239 1239 aliquid
1266 1187 1494 1237 frugiferum
1519 1187 1619 1223 effici

82 1244 217 1292 potest,
233 1244 324 1281 cum
346 1245 410 1281 ille
431 1245 562 1281 omnis
576 1243 674 1280 boni
694 1249 830 1291 parens
844 1243 907 1284 fit.
927 1257 972 1282 ac
993 1244 1121 1281 nostra
1134 1244 1284 1281 indoles
1310 1245 1524 1292 primorum
1549 1254 1618 1291 pa-

80 1309 233 1336 rentum
256 1301 369 1347 culpa
386 1302 435 1336 ita
450 1300 594 1337 vitiata,
619 1308 659 1335 ut
671 1299 775 1336 illius
795 1301 914 1348 gratia
937 1300 1126 1342 destituta,
1141 1299 1273 1336 nullos
1299 1300 1407 1335 utiles
1431 1301 1618 1336 virtutum

80 1354 229 1392 fruetus
239 1357 408 1404 gignere,
424 1357 462 1392 ὅ(
487 1354 697 1402 producere
722 1353 849 1403 possit.
909 1355 1154 1404 Propositum
1177 1358 1309 1403 itaque
1333 1355 1448 1401 hujus
1473 1354 1617 1392 Princi-

81 1412 139 1461 pis
163 1409 460 1454 faustissimum,
476 1421 519 1447 ac
533 1407 619 1447 vere
633 1410 986 1460 Hierographicum
1010 1411 1072 1448 est.

416 1523 537 1572 SIC
603 1513 807 1573 DIVA
866 1514 1028 1572 LUX
1086 1514 1297 1574 MIHI.

233 1615 413 1665 Princeps
425 1618 520 1655 dum
534 1618 684 1664 juvenis
698 1619 734 1655 in
750 1617 838 1655 aula
852 1617 990 1655 Caroli
1007 1618 1147 1668 Qinti
1160 1615 1410 1664 Imperatoris
1434 1613 1615 1650 educare-

81 1683 156 1716 tur,
172 1670 375 1721 animidue
388 1675 425 1709 &
438 1676 609 1722 corporis
622 1673 739 1711 donis
753 1673 962 1716 excelleret,
981 1672 1173 1721 armisc'lue
1186 1672 1351 1709 &literis
1371 1681 1484 1717 opera
1493 1681 1531 1704 m
1544 1669 1613 1704 da-

82 1741 150 1773 ret,
163 1728 266 1766 hanc
279 1729 606 1779 Hierographiam
623 1730 784 1772 invenit,
800 1730 837 1764 in
851 1741 928 1776 qua
950 1728 1137 1778 spectatur
1159 1728 1284 1764 Lotus
1309 1725 1424 1779 Ιιεῴει
1449 1724 1590 1761 florens
1605 1749 1616 1764 ,

83 1779 289 1834 flaminicis
304 1785 501 1828 innatans,
527 1797 570 1821 ac
595 1785 640 1822 ad
658 1781 792 1821 Solem
807 1780 842 1820 se
861 1796 1018 1834 gyrans.
1075 1782 1239 1820 Herbaa
1263 1779 1555 1828 Theophrasto,
1570 1789 1615 1813 ac

81 1841 211 1879 Plinio
225 1838 457 1882 describitur,
472 1835 739 1888 Euphratidue
752 1839 872 1877 fluvio
885 1839 1032 1876 innasci
1044 1839 1194 1881 dicitur,
1210 1838 1328 1885 idque
1344 1836 1482 1885 proprii
1499 1835 1618 1870 habe-

81 1909 136 1939 re,
151 1906 190 1933 ut
207 1896 297 1931 cum
313 1896 379 1932 Sol
394 1898 526 1938 oritur,
540 1907 583 1932 ac
605 1894 916 1944 Hemispherium
938 1893 1118 1936 ascendit,
1137 1893 1324 1942 paulatim
1346 1904 1390 1928 ex
1406 1892 1517 1936 aquis
1531 1900 1615 1936 pro-

82 1956 251 1999 rumpat,
267 1945 381 1999 seque
393 1953 443 1988 ita
457 1951 590 1993 elevet,
606 1959 646 1987 ut
670 1949 760 1987 crim
778 1951 843 1987 Sol
864 1951 1120 1987 meridianam
1131 1949 1294 1997 attigerit
1311 1948 1455 1983 lineam
1468 1973 1477 1987 ,
1492 1942 1616 1980 etesia

82 2006 150 2046 stet
162 2035 172 2049 ,
195 2007 331 2055 apertis
364 2004 526 2043 floribus
541 2034 549 2048 ,
575 2003 794 2055 iterumt'que
809 2005 989 2043 occasum
1005 2014 1157 2054 petente
1175 2003 1280 2045 Sole,
1301 2001 1505 2049 sequendo
1519 2010 1617 2047 pau—

87 2064 198 2101 latim
213 2062 384 2100 occidam
405 2063 533 2099 donec
548 2061 629 2109 post
647 2061 747 2098 Solis
773 2073 864 2098 occa
872 2062 954 2097 sum
970 2089 980 2103 ‚
995 2062 1044 2097 ita
1067 2060 1104 2097 se
1117 2060 1228 2108 aquis
1252 2056 1326 2095 alte
1340 2059 1560 2106 immergat,
1575 2062 1617 2090 ut

83 2118 252 2167 amplius
278 2129 327 2154 ne
339 2119 521 2154 manibus
545 2118 702 2164 quidem
717 2114 1142 2164 comprehendipossit.
1197 2113 1264 2150 Ab
1285 2113 1514 2149 admiranda
1540 2109 1615 2146 hu-

83 2177 143 2223 jus
156 2173 280 2210 herbae
291 2172 445 2210 historia
465 2172 591 2221 Mysta
606 2172 929 2221 Hierographiam
946 2169 1150 2219 desumpsit
1162 2197 1172 2213 ‚
1183 2181 1261 2217 qua
1274 2168 1456 2205 ostendit:
1477 2178 1617 2216 quem-

84 2229 305 2267 admodum
329 2229 452 2265 Lotus
475 2228 592 2264 herba
618 2226 754 2264 Solem
782 2223 967 2276 perpetuo
992 2225 1184 2274 sequitur,
1211 2227 1249 2261 ὅ(
1272 2223 1415 2271 absque
1435 2221 1616 2270 ipsiusm-

84 2285 178 2331 dijs,
206 2296 333 2332 neque
356 2283 390 2320 se
416 2285 575 2332 erigere,
602 2294 728 2330 neque
755 2282 892 2319 florere
925 2281 1072 2329 potcst3
1094 2280 1155 2317 sed
1178 2281 1290 2327 aquis
1325 2277 1504 2315 immersa
1529 2277 1616 2313 lan-

83 2351 192 2391 gvet,
217 2352 261 2377 ac
285 2349 326 2376 ut
344 2343 500 2376 mortua
526 2338 668 2376 latitans
695 2340 746 2375 ita
771 2349 841 2375 nec
864 2338 899 2373 se
920 2339 1044 2374 vivere
1064 2335 1209 2383 absque
1230 2334 1379 2372 amafiae
1401 2332 1614 2380 conspestu

85 2395 201 2446 poss'e,
215 2393 365 2444 illoque
379 2396 558 2442 privatus,
573 2393 795 2442 lachrymis,
811 2391 996 2440 variisque
1011 2393 1133 2429 animi
1146 2390 1405 2428 anxietatibus
1423 2395 1617 2436 tanquam

65 2480 73 2483 Α
85 2453 203 2489 undis
225 2451 434 2489 fluentibus
447 2450 574 2492 obrui,
587 2446 746 2497 vitamt'v
760 2448 975 2485 infoelicem
988 2460 1032 2485 ac
1045 2447 1161 2484 motti
1182 2445 1343 2483 fimilem
1357 2456 1478 2493 agere,
1490 2444 1619 2480 donee

85 2508 123 2544 D
140 2508 205 2544 IV
221 2508 256 2544 A
290 2507 418 2543 LVX
449 2507 584 2541 iterum
609 2502 805 2553 affulgeat.
862 2503 986 2540 Potest
1017 2504 1132 2540 etiam
1162 2501 1409 2550 Theologice
1432 2502 1616 2546 interpre-

85 2564 157 2600 tari
183 2562 461 2610 Hierographia
477 2588 486 2603 ,
509 2569 681 2596 mentem
704 2559 880 2596 videlicet
901 2561 939 2595 ὃ(
961 2560 1141 2595 animum
1174 2557 1348 2595 hominis
1370 2557 1492 2605 gratia
1518 2556 1614 2591 divi-

86 2630 138 2656 na
160 2616 367 2667 affulgente
388 2616 535 2658 florere,
560 2625 604 2651 ac
625 2614 846 2651 mundanas
862 2625 1002 2651 omnes
1022 2612 1260 2661 tempestates
1278 2610 1463 2661 superare.

270 2722 722 2780 IMMERGAR
782 2723 938 2774 AuT
998 2724 1427 2774 EMERGAM.

241 2828 474 2877 Praecipitem
497 2828 532 2865 se
556 2827 683 2865 nudus
705 2827 831 2864 homo
855 2827 942 2869 dat,
967 2839 1014 2865 ex
1038 2825 1199 2874 scopulo
1223 2828 1263 2863 in
1285 2826 1492 2862 Oceanum
1510 2851 1519 2865 ,
1543 2824 1616 2859 ait:

92 2882 263 2922 IM‘ME
280 2884 415 2922 RGA
432 2883 471 2921 R
509 2883 643 2921 AVT
680 2883 762 2920 EM
779 2883 806 2918 E
822 2884 855 2919 R
873 2881 954 2919 GA
973 2883 1031 2923 M.
1092 2882 1264 2918 Similem
1286 2882 1411 2918 aleam
1441 2878 1474 2915 se
1491 2878 1616 2969 ἓξὲξ
