1877 3277
423 179 512 230 XI.
581 157 1311 230 HIEROGRAPHJA.
1536 119 1631 167 ⁹⁹⁶

197 284 343 322 Plinius
357 293 440 319 non
453 283 569 319 unius
583 280 774 329 Delphini
786 290 965 318 amorem
982 291 1070 330 erga
1081 291 1266 329 puerum:
1297 290 1419 328 quem
1437 278 1552 316 dorso
1565 290 1632 317 ex-

128 337 401 389 ceptoveheret
414 338 460 374 ad
474 338 612 376 ludum
622 337 860 380 litterarium,
872 338 910 374 &
922 336 1139 375 reveherets
1159 336 1232 373 Sed
1244 335 1414 385 plurium
1433 346 1522 385 erga
1546 336 1631 384 plu-

127 408 198 440 res,
213 403 516 431 commemorat.
574 394 672 442 Qiae
683 391 759 430 visa
774 394 812 430 &
823 391 844 427 a
857 391 985 441 dignis
996 391 1085 435 fide,
1102 392 1252 441 prodita
1274 391 1474 429 memoriae
1489 417 1500 433 ,
1517 389 1633 426 fabu-

126 453 208 490 lam
219 449 411 488 Herodoti
421 449 469 486 de
482 446 923 490 Arrione,confirmant.
940 446 1033 484 cum
1044 449 1082 484 ὃς
1095 446 1244 485 Mufica
1264 446 1505 496 Delphinem
1527 445 1628 493 capi,

129 506 199 544 usu
211 514 456 554 compertum
468 503 523 540 fit.
576 501 653 540 Hie
665 515 749 540 non
760 514 854 552 puer
864 529 874 546 ‚
889 512 928 541 at
939 503 1024 541 Dea
1037 503 1202 547 vehitur,
1215 504 1275 540 vel
1289 501 1457 545 occasio,
1471 501 1531 540 vel
1552 500 1632 536 for-

129 572 238 600 tuna.
260 560 408 599 Velum
430 560 537 596 enim
550 557 668 605 hujus
681 558 751 595 est:
775 556 1004 606 capillitium
1028 558 1143 595 illius.
1181 558 1220 595 Si
1242 559 1356 607 igitur
1376 556 1558 594 credibile
1579 555 1634 592 est

131 617 314 654 homines
326 615 519 658 adamare,
534 614 641 662 quod
653 614 872 661 aliquando
883 614 1024 651 fuerint
1037 613 1244 652 homines3
1268 625 1353 650 non
1372 613 1422 649 est
1434 611 1455 648 a
1479 611 1555 649 fide
1568 611 1634 648 ab·

131 672 285 715 sonum,
299 680 444 708 naturae
453 681 581 719 parere
593 669 818 718 augustiori.
853 670 960 708 Nam
973 671 1010 706 δε
1028 669 1106 706 hoc
1129 669 1314 706 homines
1329 669 1492 712 faciunt,
1513 676 1554 704 ut
1567 678 1635 715 par

130 729 193 765 est.
214 724 301 764 satis
316 738 386 775 pro
399 726 672 774 Hieroglypto.
693 726 801 763 Nam
813 724 861 761 de
875 723 1018 762 Bacchi
1030 724 1209 761 severiori
1222 724 1391 762 vindidla
1410 723 1529 760 exstat
1540 723 1634 758 Dia-

132 785 244 833 logus
255 782 435 819 Luciani.
457 780 522 817 Ad
536 781 774 830 Symbolum
797 780 960 818 accedo:
984 779 1167 817 Audaces
1195 780 1354 816 fortuna
1375 782 1501 827 juvat..
1550 777 1637 814 Au-

129 841 266 878 dacem
277 840 315 875 &
329 835 537 886 plusquam
549 836 739 874 audacem
750 837 939 873 Horatius
952 835 1045 871 facit
1057 863 1067 879 ,
1082 836 1150 882 qui
1161 836 1306 883 primus
1317 834 1510 884 fragilem,
1525 844 1638 871 com-

131 893 232 932 misit
243 894 519 942 pelagoratem.
579 889 745 942 Qanto
767 891 955 928 audacior
965 918 975 934 ,
999 889 1156 938 quisine
1175 900 1254 927 rate
1270 892 1281 926 ?
1308 892 1378 938 qui
1392 888 1642 939 Delphinum

133 951 305 998 equitat?
330 949 374 985 Et
386 959 470 985 non
484 946 613 985 solum
627 947 798 996 periculo
815 948 949 990 maris,
964 945 1097 984 verum
1109 947 1227 982 etiam
1241 946 1377 983 lubrici
1390 943 1498 993 piscis
1509 944 1642 980 mobi-

132 1006 229 1045 litati
239 1003 401 1042 salutem
414 1003 529 1039 credit
545 1004 555 1039 ?
579 1002 784 1039 Audaeior
797 1000 915 1051 longe
927 999 1106 1050 profecto
1118 1001 1180 1038 est.
1210 1002 1357 1039 Navim
1374 1001 1480 1037 enim
1503 999 1640 1048 guber-

132 1070 200 1099 nat
213 1060 299 1097 ille:
322 1058 386 1096 hic
413 1059 535 1095 fertur
549 1060 586 1096 ὃς
608 1058 844 1108 gubernatur
866 1057 886 1094 a
909 1057 1128 1106 Delphino.
1182 1057 1257 1093 Sed
1279 1054 1433 1104 quanto
1455 1055 1643 1092 audacior

132 1116 210 1160 hic,
224 1114 313 1155 illos
327 1112 442 1152 tanto
454 1114 653 1158 audacior,
668 1115 736 1161 qui
749 1113 911 1150 fortuna
925 1113 1056 1157 fretus,
1071 1110 1190 1161 longe
1203 1110 1544 1155 iristabiliori,ci1n1
1556 1121 1641 1146 ma-

133 1173 175 1215 ri,
186 1170 268 1209 turn
281 1181 400 1209 vento
414 1199 424 1214 ,
439 1170 486 1207 ad
500 1182 556 1207 res
567 1170 750 1220 gerendas
766 1170 987 1218 accingitur.
1012 1180 1061 1205 ne
1072 1168 1201 1205 dicam
1224 1168 1460 1204 temerarius.
1515 1166 1560 1202 Et
1583 1164 1643 1201 fo-

135 1237 189 1265 ret
202 1227 349 1276 aedepol
361 1226 562 1263 temeraria
587 1226 768 1262 audacia:
793 1224 817 1260 fi
833 1237 916 1261 non
944 1226 1106 1270 juvaret,
1131 1225 1169 1260 δε
1193 1223 1363 1260 consilio
1397 1230 1540 1272 regeret
1563 1220 1647 1256 for-

134 1293 281 1320 tunam.
304 1292 347 1320 ut
359 1280 427 1319 hic
442 1281 646 1323 fortunata
663 1279 830 1325 occasio,
844 1279 1036 1330 Delphini
1056 1278 1209 1317 cursum
1223 1307 1232 1324 ‚
1262 1288 1427 1327 excepto
1449 1279 1491 1314 in
1512 1275 1646 1315 velum

135 1347 266 1378 vento.

443 1406 562 1457 XII.
620 1406 1311 1461 HIEROGRAPHIA.

193 1512 316 1550 Solvit
328 1523 403 1548 nos
417 1511 541 1548 dubio
557 1511 750 1560 Princeps.
779 1512 888 1549 Nam
906 1524 991 1560 quae
1012 1512 1201 1559 loquitur,
1217 1511 1387 1547 Fortuna
1411 1509 1484 1547 est:
1514 1509 1591 1558 pila
1612 1520 1651 1545 e-

139 1569 221 1606 nim
237 1568 317 1612 stat,
340 1567 407 1604 ubi
419 1568 558 1611 Po'e'tae,
577 1577 734 1618 propter
747 1567 1048 1604 mutabilitatem
1061 1568 1284 1604 collocant:
1309 1567 1348 1602 ὅ(
1361 1578 1446 1614 quae
1459 1565 1598 1606 Po'e'tae,
1612 1566 1653 1601 in

140 1635 186 1660 os
199 1625 392 1673 ingerunt,
409 1621 545 1660 effutit.
590 1624 674 1672 Ego
687 1623 734 1659 de
751 1624 919 1660 Fortuna
931 1624 1032 1660 duos
1053 1623 1206 1660 libellos
1226 1620 1364 1670 scripsi,
1382 1623 1419 1658 ὃς
1434 1619 1556 1668 scripsi
1569 1620 1655 1656 Ho-

137 1691 290 1716 merum
311 1691 395 1716 non
420 1676 635 1715 meminisse
658 1680 779 1715 Fortis
805 1678 982 1716 fortunae.
1025 1679 1070 1715 Et
1087 1675 1188 1715 certe
1211 1689 1296 1714 non
1309 1677 1491 1713 meminit
1512 1677 1552 1711 in
1565 1685 1651 1713 tota

144 1733 357 1783 Rapsodia.
382 1735 485 1771 unde
506 1731 606 1771 certe
629 1735 880 1771 convincitur
894 1762 903 1778 ,
919 1734 1094 1784 hymnos
1108 1734 1263 1771 alterius
1279 1731 1348 1769 effe
1361 1760 1371 1776 ,
1397 1734 1435 1768 in
1450 1732 1593 1780 quibus
1613 1730 1657 1767 fit

144 1791 318 1827 Fortunae
331 1792 495 1827 mentio.
533 1790 890 1839 Qemadmodum
903 1789 927 1826 fi
942 1789 1090 1839 Orphei
1103 1788 1218 1826 effent
1239 1789 1392 1831 omnia,
1406 1799 1491 1835 quae
1504 1786 1571 1823 sub
1585 1798 1657 1823 no-

142 1847 247 1883 mine
262 1846 334 1882 illo
349 1845 540 1889 feruntur,
556 1856 599 1882 ut
614 1845 891 1894 plausibiliori3
912 1845 1145 1895 Phocylides
1157 1856 1243 1881 non
1263 1843 1446 1880 tribueret
1458 1844 1559 1886 Iovi,
1572 1854 1659 1891 quae

144 1902 208 1938 illc
221 1901 401 1938 fortunae.
436 1901 579 1938 Sortita
598 1913 750 1937 nomen
774 1903 811 1938 &
836 1912 986 1938 numen
1001 1903 1171 1937 Fon-una
1200 1899 1283 1936 sero
1304 1899 1366 1935 est.
1405 1899 1656 1947 prudentium

143 1957 281 1994 callida
293 1958 534 2000 inventione,
552 1966 593 1993 ut
605 1956 625 1992 a
641 1968 734 1994 vero
746 1958 926 1993 Numine
937 1984 947 1999 ,
972 1958 1011 1992 in
1027 1955 1169 1993 falsum
1183 1953 1454 2002 fabulosumq3
1480 1965 1629 1989 nomen
1647 1981 1657 1995 ,

143 2012 428 2050 contumeliam
438 2013 654 2049 hominum
667 2021 891 2050 averterent.
930 2010 1190 2049 Causantium
1212 2009 1361 2059 semper
1373 2010 1482 2046 Deos
1497 2036 1507 2052 ,
1525 2008 1550 2044 fi
1565 2008 1659 2056 quid

145 2066 391 2116 aliud,quam
404 2067 471 2117 ipsi
485 2068 640 2105 vellent.
677 2068 783 2117 Lege
797 2067 988 2104 Senecam
1001 2069 1040 2104 in
1051 2066 1422 2116 Agamemnone,&
1434 2064 1660 2112 Euripidem

147 2124 190 2160 in
201 2123 373 2160 Hecuba.
389 2135 621 2171 quanquam
634 2135 708 2159 nec
722 2122 802 2160 haec
810 2124 991 2168 convitiis
1005 2124 1045 2159 in
1059 2123 1198 2159 Iovem
1211 2121 1412 2164 abstineat,
1439 2120 1667 2156 crimin-atur

145 2177 502 2227 utrobiqsfortuna.
515 2178 689 2218 Palladas
703 2178 873 2215 modum
885 2178 1120 2225 excedit,qui
1133 2178 1254 2214 vitam
1269 2175 1664 2223 hominum,fonune

146 2232 288 2272 ludum
301 2235 481 2283 appellat.
494 2234 667 2283 Bupalus
679 2233 846 2271 fortunae
857 2233 1024 2283 lignum,
1042 2234 1190 2280 primus
1204 2233 1403 2275 omnium,
1417 2231 1521 2279 apud
1536 2231 1663 2280 Smyr-

148 2301 257 2326 naeos
278 2289 440 2328 effinxit.
471 2291 586 2340 capiti
596 2290 742 2340 polum
756 2290 992 2338 imponens:
1015 2289 1131 2325 altera
1143 2297 1431 2331 manu,vocatae
1444 2286 1666 2324 Amaltheae

150 2357 283 2381 cornu.
306 2346 390 2383 Nee
403 2344 531 2390 refert,
542 2355 628 2382 non
642 2345 811 2382 eandem
824 2341 893 2381 hic
905 2342 978 2383 affe
994 2345 1222 2394 imaginem.
1238 2344 1346 2380 Nam
1357 2342 1540 2380 Tibullus
1552 2344 1590 2379 δε
1608 2341 1665 2377 O-

149 2400 275 2439 vidius
288 2401 328 2436 in
342 2400 438 2439 orbe
450 2400 635 2444 statuunt,
648 2412 751 2448 quos
765 2399 892 2448 Mysta
905 2399 1032 2437 noster
1047 2398 1228 2446 sequitur.
1256 2399 1381 2449 Qod
1391 2396 1517 2447 quisqs
1532 2396 1641 2434 sentit
1655 2410 1664 2436 3

151 2457 199 2494 de
210 2455 374 2492 fortuna
387 2456 477 2492 dicit
489 2458 527 2493 δε
542 2455 665 2505 fingit,
686 2454 951 2493 Archilochus
966 2466 1090 2491 anum
1105 2454 1331 2498 facit,altera
1344 2465 1469 2491 manu
1485 2454 1667 2490 flammas

149 2511 379 2560 gestantem,
399 2511 516 2548 altera
530 2523 678 2559 aquam
690 2510 901 2560 fignificat-e
914 2511 1051 2548 volens
1065 2511 1253 2549 omnium
1267 2510 1471 2547 bonorum
1487 2510 1523 2546 ὃς
1536 2508 1661 2544 malo-

152 2579 250 2603 rum.
309 2567 475 2603 Ovidius
501 2567 594 2603 alibi
617 2578 756 2603 caecam
771 2566 858 2603 vehi
872 2566 966 2609 cifis,
981 2578 1065 2614 quae
1076 2567 1163 2602 caeci
1176 2565 1599 2613 traherentequi,ludit.
1614 2576 1671 2599 ve-

150 2620 188 2658 re
210 2621 310 2658 nihil
324 2622 432 2658 aliud
446 2622 497 2658 est
511 2623 696 2665 Fortuna,
711 2622 833 2669 quam
846 2623 985 2659 incerta
999 2633 1127 2659 rerum
1140 2619 1280 2658 caussa.
1303 2618 1393 2662 Hic,
1410 2622 1518 2665 cujus
1547 2618 1673 2656 causs‘a

154 2676 234 2713 tam
251 2677 369 2727 long-„1
381 2678 547 2714 excurrit
559 2678 833 2719 oratio,audax
849 2677 1025 2725 loquitur
1038 2690 1046 2713 ε
1060 2676 1243 2713 Audaces
1258 2680 1353 2723 juvo
1366 2679 1402 2713 ὃ(
1420 2688 1502 2712 non
1517 2674 1597 2711 tam
1614 2676 1673 2710 ἰη-

157 2732 332 2772 solentes,
348 2732 469 2780 quam
483 2730 569 2770 vere
584 2733 769 2780 loquitur.
797 2733 956 2781 Semper
967 2733 1076 2769 enim
1089 2743 1156 2770 aut
1170 2733 1348 2781 plerunq3
1365 2730 1423 2779 seq
1431 2734 1530 2767 uitur
1549 2730 1672 2766 fortu-

157 2790 206 2824 ha
221 2785 422 2825 virtutcm':
449 2789 575 2825 necin
590 2789 786 2832 aerumnis,
799 2799 1032 2837 quenquam
1045 2788 1309 2838 magis,quam
1322 2799 1394 2823 nos
1406 2786 1675 2836 ipsi,crimina-

986 2843 1024 2881 K
1057 2845 1080 2891 ij
1530 2841 1675 2882 bimur,
