1877 3277
178 210 203 241 1
234 196 278 242 ὅ.

179 210 313 306 ditur,
330 270 484 311 propter
505 259 939 310 obligat10nem,quam
950 259 1101 309 agnitio
1121 256 1240 311 parit,
1263 257 1304 300 &-
1325 257 1471 301 officia,
1497 267 1584 306 quae
1596 253 1719 307 ipsam

181 328 223 358 ut
236 319 377 365 umbra
391 317 616 367 sequuntur.

618 404 748 462 HIS
824 399 1274 453 GRAVIORA.

329 497 559 536 Celebratur
576 496 625 534 ab
648 495 834 532 historicis
859 493 905 530 C.
920 494 1035 538 Mutii
1052 493 1228 531 facinus:
1249 493 1317 541 qui
1336 495 1425 531 eum
1443 491 1649 530 Porsenam
1661 504 1719 529 re·

175 567 266 607 gem
279 566 324 593 ae
337 557 625 592 Rommorum
638 551 790 588 hostem
804 549 993 586 trucidare
1007 550 1133 593 vellet,
1147 560 1276 587 errore
1291 548 1452 586 scribam
1476 561 1547 597 pro
1560 560 1645 597 rege
1658 549 1721 585 in·

173 611 335 654 terfecit,
350 607 562 659 captusque
573 607 592 646 :⁸1
609 609 717 656 regijs
733 605 957 643 satellitibus
968 633 978 648 ‚
1002 617 1047 642 ac
1059 606 1148 654 igne
1162 615 1202 644 ut
1214 604 1507 642 combureretur
1520 603 1695 640 extrueto
1706 631 1718 647 ,

174 666 281 713 ultro
293 666 590 711 dexteranuqua
604 671 804 705 erraverat,
820 662 908 702 iane
921 663 1116 703 cremavit,
1133 657 1290 709 regidue
1303 671 1416 708 agere
1431 662 1467 697 &
1485 660 1562 708 pati
1586 659 1718 702 fortia,

175 722 417 759 Romanum
439 719 522 763 effe,
537 717 674 756 effatus
688 717 753 757 est.
809 715 957 752 Verum
974 717 1060 753 Rex
1076 718 1226 760 juvenis
1238 717 1419 752 virtutem
1435 715 1661 758 admiratus,
1673 725 1720 752 ae

174 777 365 815 facinoris
381 774 577 814 miraculo
590 775 794 814 attonitus,
810 769 1025 819 similesc'lue
1047 771 1271 820 complures
1290 772 1330 807 in
1356 770 1457 807 illius
1473 781 1608 807 necem
1623 781 1718 807 con-

173 832 323 881 spirasse
335 832 568 881 intelligens,
585 830 716 867 Mutio
729 828 776 865 ad
798 826 886 864 suos
900 827 1021 863 redire
1034 826 1130 871 jusso
1144 854 1154 870 ,
1170 838 1307 875 pacem
1318 837 1409 863 cum
1423 827 1621 863 Romanis
1635 825 1718 862 san-

173 889 280 935 civit.
335 887 463 938 Mysta
489 883 607 935 porro
619 886 798 935 graviora
822 882 855 919 se
872 894 942 930 pro
955 884 998 927 ijs
1010 883 1152 930 quibus
1176 881 1293 918 fidem
1308 884 1345 918 ὅ(
1360 883 1479 918 vitam
1502 881 1628 924 debet,
1642 880 1718 917 tol-

173 943 308 987 lerare,
324 944 447 991 quam
461 941 509 979 C.
524 942 674 979 Mutius
691 937 880 989 perpessus
895 938 1020 981 fucrit,
1036 938 1152 974 velle:
1178 937 1375 986 Symbolo
1407 938 1443 975 H
1460 937 1511 974 IS
1554 936 1590 973 G
1609 937 1644 973 R
1660 936 1718 973 A-

173 998 362 1037 VIORA
401 999 602 1047 promittit.
657 996 781 1033 Patria
806 1003 938 1030 autem
955 1021 965 1036 ‚
988 1003 1174 1042 parentes,
1197 994 1389 1036 &mmicss
1404 1004 1448 1030 ea
1463 991 1561 1036 sunt,
1575 991 1719 1039 quibus

171 1056 250 1093 vita
274 1055 312 1091 ὅ(
326 1052 421 1101 fides
442 1053 617 1095 debetur,
642 1064 685 1088 ac
707 1062 777 1099 pro
799 1050 941 1097 quibus
959 1050 1124 1097 pericula
1148 1020 1292 1096 quaegis
1313 1047 1438 1086 subire
1452 1075 1462 1091 ,
1486 1050 1524 1085 &
1550 1057 1720 1086 mortem

172 1120 368 1159 oppetere,
383 1110 534 1147 clarum
548 1109 585 1145 ὃ(
601 1105 818 1156 gloriosum
834 1104 897 1142 est.
955 1106 1122 1142 Patriam
1142 1105 1212 1150 qui
1236 1103 1394 1153 negligit
1406 1132 1416 1147 ‚
1439 1116 1483 1141 ac
1496 1113 1633 1141 contra
1647 1103 1718 1141 ho-

170 1165 240 1203 stes
257 1177 341 1202 non
354 1174 496 1207 tuetur,
510 1165 684 1211 ingratus
698 1173 786 1210 erga
800 1172 842 1196 ea
850 1172 901 1202 m,
911 1161 948 1197 ὃς
960 1172 1027 1197 eos
1040 1161 1108 1207 qui
1119 1160 1233 1196 illum
1245 1160 1435 1197 aluerunt:
1459 1171 1504 1197 ae
1517 1160 1715 1208 indignus,

170 1211 213 1258 ut
228 1221 355 1258 abilla
380 1219 618 1262 sustentetur,
632 1216 792 1265 eiusdue
817 1215 967 1252 fruatur
989 1217 1104 1252 donis
1128 1214 1381 1258 &frustibus‚
1399 1214 1463 1251 est.
1519 1215 1601 1264 Qi
1623 1213 1717 1252 verb

170 1289 258 1314 eam
271 1276 459 1314 destruere
478 1283 658 1317 conatur,
676 1273 902 1315 {meracam
916 1279 1134 1321 oppugnat,
1147 1280 1188 1307 ut
1202 1272 1314 1307 omui
1329 1282 1589 1308 aerumnarum
1605 1272 1642 1307 ὃ(
1656 1282 1717 1308 ca·

171 1333 394 1369 lamnarum
406 1342 549 1382 genere
561 1331 752 1366 obruatur
765 1326 1027 1377 dignissimus.
1084 1327 1289 1375 Singulare
1309 1328 1350 1363 in
1368 1327 1531 1374 patriam
1546 1324 1634 1362 fidei
1648 1337 1716 1363 ex-

169 1398 224 1424 tat
240 1387 363 1424 Codri
373 1388 470 1436 regis
483 1383 732 1423 Atheniensis
745 1383 987 1431 exemplum,
1001 1382 1069 1430 qui
1083 1383 1203 1419 vitam
1216 1391 1257 1418 ut
1270 1383 1434 1431 patriam
1450 1382 1718 1430 salvaret‚pro-

168 1443 290 1480 fudit:
315 1442 422 1480 Cutn
442 1443 549 1479 enim
575 1441 723 1490 ingenti
747 1440 916 1475 exercitu
931 1439 1059 1474 Attica
1072 1440 1177 1486 regio
1189 1437 1305 1480 ferro,
1319 1435 1479 1487 ignic'1ue
1492 1436 1710 1482 vastaretur,

167 1498 383 1536 diffidentia
397 1495 708 1541 humamauxilij
725 1523 734 1538 ‚
762 1495 809 1531 ad
830 1494 1036 1542 Apollinis
1059 1493 1267 1530 oraculum
1289 1493 1437 1543 legatos
1460 1491 1580 1536 misit,
1596 1491 1718 1530 scisci-

166 1564 492 1602 tatumsquonam
506 1553 632 1590 modo
645 1561 725 1588 tam
737 1562 850 1599 grave
864 1550 1012 1586 bellum
1035 1548 1170 1586 discuti
1183 1547 1324 1597 posset?
1347 1547 1564 1595 Respondit
1576 1560 1712 1586 oracu-

166 1610 272 1647 lum:
301 1611 352 1647 ita
369 1610 425 1646 illi
450 1608 573 1647 finem
598 1607 704 1650 fore,
725 1605 747 1642 si
773 1604 850 1654 ipse
878 1604 1007 1642 hostili
1028 1617 1154 1642 manu
1179 1603 1391 1641 occidisset:
1419 1602 1541 1656 Qod
1554 1605 1716 1652 quidem

165 1664 502 1702 nonsolumtotis
530 1661 835 1700 Atheniensium
850 1661 1002 1703 castris,
1029 1659 1089 1697 sed
1114 1661 1233 1698 etiam
1257 1662 1461 1704 contrarijs
1491 1660 1716 1709 percrebuit.

163 1718 302 1769 Eot‘ple
327 1720 476 1758 faCtum
502 1720 566 1759 est,
595 1728 636 1755 ut
656 1718 878 1758 ediceretur,
894 1728 944 1753 ne
968 1717 1054 1763 quis
1085 1715 1205 1753 Codri
1221 1727 1362 1765 corpus
1381 1716 1610 1753 vulneraret·
1671 1715 1716 1754 Id

164 1777 372 1825 postquam
387 1773 779 1824 cognovit‚depositis
793 1771 1007 1820 insignibus
1027 1773 1201 1820 imperii,
1225 1771 1459 1808 familiarem
1481 1771 1632 1808 cultum
1654 1773 1716 1809 in-

164 1832 262 1873 duit,
283 1843 327 1868 ac
352 1833 568 1879 palantium
594 1830 719 1878 globo
733 1826 804 1866 sese
816 1828 970 1873 objecit,
994 1838 1201 1875 unumque
1225 1838 1268 1864 ex
1284 1827 1342 1863 his
1363 1827 1462 1863 falce
1478 1826 1714 1874 percussum,

163 1888 204 1923 in
216 1888 358 1924 caedem
382 1886 490 1923 suam
518 1886 722 1934 compulit.
764 1883 889 1927 Cuius
916 1884 1092 1926 interitu,
1123 1894 1172 1919 ne
1187 1882 1352 1920 Athenae
1375 1884 1608 1925 occiderent,
1625 1881 1716 1920 effe-

164 1943 274 1979 &um
298 1942 361 1979 est.
422 1942 547 1991 Mysta
572 1950 612 1976 ut
636 1940 671 1978 se
693 1939 956 1989 gratissimum
989 1950 1054 1979 erg
1101 1940 1265 1986 patriam
1297 1938 1524 1981 ostenderet,
1550 1950 1631 1975 non
1659 1938 1715 1975 so·

162 1998 248 2035 lum
270 2000 483 2039 dexteram,
501 1996 562 2034 sed
588 1998 709 2036 vitam
733 1993 858 2038 offert,
873 2006 951 2043 qua
973 1996 1043 2031 nin
1060 2017 1074 2030 ι
1100 2005 1229 2042 neque
1247 1993 1414 2045 gravius,
1434 2006 1564 2043 neque
1587 1994 1713 2044 majus

164 2054 258 2091 dare
283 2053 499 2107 possumus.

361 2157 696 2213 OMNIA
773 2157 1242 2208 FORTUNAE
1320 2156 1542 2207 COM?

806 2252 1067 2286 M1TTo.

315 2325 501 2366 Fortuna,
517 2337 633 2374 penes
655 2323 776 2373 quam
801 2337 941 2362 omnes
957 2327 1141 2364 humanae
1158 2327 1240 2364 vitae
1255 2329 1494 2364 mutationes
1510 2355 1520 2370 ‚
1545 2322 1711 2374 omnet'p

161 2380 414 2426 facultatum,
442 2381 668 2425 honorum,
697 2383 984 2424 amicitiarum,
1003 2385 1040 2420 ὅ(
1062 2383 1376 2420 commodorum
1408 2384 1614 2419 arbitrium
1641 2379 1713 2418 esse

159 2437 337 2479 creditur,
395 2437 548 2473 Oceani
573 2436 652 2473 filia
674 2437 722 2474 ab
746 2438 926 2474 Homero
943 2438 1128 2481 statuitur,
1143 2449 1233 2475 ante
1250 2450 1368 2486 quem
1384 2439 1585 2487 incognita
1602 2448 1709 2484 pror-

159 2492 323 2533 iiisfuit,
352 2490 588 2540 nullumdue
611 2504 762 2529 nomen
786 2494 967 2529 obtinuit.
1025 2494 1140 2530 Hanc
1164 2503 1302 2543 putant
1327 2505 1385 2530 res
1408 2493 1606 2530 humanas
1631 2492 1711 2529 sur-

160 2549 245 2584 sum
281 2559 326 2584 ac
353 2546 536 2583 deorsum
560 2547 786 2587 subvertere,
810 2560 879 2596 pro
904 2547 974 2585 suo
987 2549 1168 2592 arbitrio,
1195 2551 1235 2586 iu
1251 2549 1420 2598 singulos
1445 2549 1628 2585 homines
1650 2551 1710 2595 jus

158 2604 320 2646 hibere,
344 2604 539 2644 civitates,
565 2615 696 2651 regna,
718 2606 910 2640 amicitias
942 2614 1121 2647 evertere,
1150 2605 1240 2641 cum
1273 2598 1445 2647 libuerit,
1471 2604 1537 2641 illa
1563 2602 1705 2647 eversa,

159 2661 196 2695 ὅ(
221 2659 385 2701 jiccnria
405 2659 566 2694 demum
590 2659 750 2707 erigere,
780 2659 982 2706 opulentia
998 2687 1008 2702 ‚
1034 2658 1327 2708 hominumque
1360 2660 1577 2707 frequentia
1589 2659 1707 2707 reple-

156 2726 209 2755 re,
227 2716 262 2750 &
282 2712 552 2749 florentissima
576 2713 737 2752 efficere.
788 2715 921 2763 Qare
947 2714 970 2751 fi
994 2716 1086 2762 quid
1113 2715 1350 2764 prosperum,
1367 2714 1497 2761 siquid
1517 2726 1560 2751 ex
1595 2724 1704 2759 voto,

157 2768 182 2805 fi
197 2770 290 2815 quid
307 2769 415 2805 foelix
442 2781 486 2804 ex
502 2767 673 2804 obscuris
686 2769 806 2806 musis
829 2772 997 2812 eveniat,
1014 2781 1081 2807 ant
1104 2782 1257 2814 contra,
1278 2770 1408 2818 siquid
1423 2770 1711 2812 turbulentum,

156 2825 382 2869 molestum,
397 2823 672 2861 calamitosum
687 2826 911 2875 contingat,
941 2826 978 2863 id
1001 2836 1132 2863 totum
1152 2826 1320 2864 fortunae
1343 2827 1535 2863 tribuitur:
1596 2827 1653 2864 lta
1671 2834 1712 2861 ut

1632 2891 1710 2917 una
